%YAML 1.1
%TAG !u! tag:unity3d.com,2011:
--- !u!91 &9100000
AnimatorController:
  m_ObjectHideFlags: 0
  m_PrefabParentObject: {fileID: 0}
  m_PrefabInternal: {fileID: 0}
  m_Name: Orc
  serializedVersion: 5
  m_AnimatorParameters:
  - m_Name: Direction
    m_Type: 3
    m_DefaultFloat: 0
    m_DefaultInt: 0
    m_DefaultBool: 0
    m_Controller: {fileID: 0}
  - m_Name: IsAttacking
    m_Type: 4
    m_DefaultFloat: 0
    m_DefaultInt: 0
    m_DefaultBool: 0
    m_Controller: {fileID: 0}
  - m_Name: IsDying
    m_Type: 4
    m_DefaultFloat: 0
    m_DefaultInt: 0
    m_DefaultBool: 0
    m_Controller: {fileID: 0}
  m_AnimatorLayers:
  - serializedVersion: 5
    m_Name: Base Layer
    m_StateMachine: {fileID: 1107417669866804350}
    m_Mask: {fileID: 0}
    m_Motions: []
    m_Behaviours: []
    m_BlendingMode: 0
    m_SyncedLayerIndex: -1
    m_DefaultWeight: 0
    m_IKPass: 0
    m_SyncedLayerAffectsTiming: 0
    m_Controller: {fileID: 9100000}
--- !u!1101 &1101019993040656878
AnimatorStateTransition:
  m_ObjectHideFlags: 3
  m_PrefabParentObject: {fileID: 0}
  m_PrefabInternal: {fileID: 0}
  m_Name: 
  m_Conditions:
  - m_ConditionMode: 6
    m_ConditionEvent: Direction
    m_EventTreshold: 2
  - m_ConditionMode: 1
    m_ConditionEvent: IsAttacking
    m_EventTreshold: 0
  - m_ConditionMode: 2
    m_ConditionEvent: IsDying
    m_EventTreshold: 0
  m_DstStateMachine: {fileID: 0}
  m_DstState: {fileID: 1102224250950697120}
  m_Solo: 0
  m_Mute: 0
  m_IsExit: 0
  serializedVersion: 3
  m_TransitionDuration: 0
  m_TransitionOffset: 0
  m_ExitTime: 0.75
  m_HasExitTime: 0
  m_HasFixedDuration: 0
  m_InterruptionSource: 0
  m_OrderedInterruption: 1
  m_CanTransitionToSelf: 0
--- !u!1101 &1101039743449380892
AnimatorStateTransition:
  m_ObjectHideFlags: 3
  m_PrefabParentObject: {fileID: 0}
  m_PrefabInternal: {fileID: 0}
  m_Name: 
  m_Conditions:
  - m_ConditionMode: 6
    m_ConditionEvent: Direction
    m_EventTreshold: 3
  - m_ConditionMode: 2
    m_ConditionEvent: IsAttacking
    m_EventTreshold: 0
  - m_ConditionMode: 2
    m_ConditionEvent: IsDying
    m_EventTreshold: 0
  m_DstStateMachine: {fileID: 0}
  m_DstState: {fileID: 1102229944473252290}
  m_Solo: 0
  m_Mute: 0
  m_IsExit: 0
  serializedVersion: 3
  m_TransitionDuration: 0
  m_TransitionOffset: 0
  m_ExitTime: 0
  m_HasExitTime: 0
  m_HasFixedDuration: 0
  m_InterruptionSource: 2
  m_OrderedInterruption: 1
  m_CanTransitionToSelf: 0
--- !u!1101 &1101058464112879490
AnimatorStateTransition:
  m_ObjectHideFlags: 3
  m_PrefabParentObject: {fileID: 0}
  m_PrefabInternal: {fileID: 0}
  m_Name: 
  m_Conditions:
  - m_ConditionMode: 6
    m_ConditionEvent: Direction
    m_EventTreshold: 4
  - m_ConditionMode: 1
    m_ConditionEvent: IsAttacking
    m_EventTreshold: 0
  - m_ConditionMode: 2
    m_ConditionEvent: IsDying
    m_EventTreshold: 0
  m_DstStateMachine: {fileID: 0}
  m_DstState: {fileID: 1102936031431307488}
  m_Solo: 0
  m_Mute: 0
  m_IsExit: 0
  serializedVersion: 3
  m_TransitionDuration: 0
  m_TransitionOffset: 0
  m_ExitTime: 0.75
  m_HasExitTime: 0
  m_HasFixedDuration: 0
  m_InterruptionSource: 0
  m_OrderedInterruption: 1
  m_CanTransitionToSelf: 0
--- !u!1101 &1101104840164048392
AnimatorStateTransition:
  m_ObjectHideFlags: 3
  m_PrefabParentObject: {fileID: 0}
  m_PrefabInternal: {fileID: 0}
  m_Name: 
  m_Conditions:
  - m_ConditionMode: 6
    m_ConditionEvent: Direction
    m_EventTreshold: 0
  - m_ConditionMode: 2
    m_ConditionEvent: IsAttacking
    m_EventTreshold: 0
  - m_ConditionMode: 2
    m_ConditionEvent: IsDying
    m_EventTreshold: 0
  m_DstStateMachine: {fileID: 0}
  m_DstState: {fileID: 1102577155756457522}
  m_Solo: 0
  m_Mute: 0
  m_IsExit: 0
  serializedVersion: 3
  m_TransitionDuration: 0
  m_TransitionOffset: 0
  m_ExitTime: 0
  m_HasExitTime: 0
  m_HasFixedDuration: 0
  m_InterruptionSource: 2
  m_OrderedInterruption: 1
  m_CanTransitionToSelf: 0
--- !u!1101 &1101230645615023362
AnimatorStateTransition:
  m_ObjectHideFlags: 3
  m_PrefabParentObject: {fileID: 0}
  m_PrefabInternal: {fileID: 0}
  m_Name: 
  m_Conditions:
  - m_ConditionMode: 1
    m_ConditionEvent: IsDying
    m_EventTreshold: 0
  m_DstStateMachine: {fileID: 0}
  m_DstState: {fileID: 1102733629890199740}
  m_Solo: 0
  m_Mute: 0
  m_IsExit: 0
  serializedVersion: 3
  m_TransitionDuration: 0.25
  m_TransitionOffset: 0
  m_ExitTime: 0.75
  m_HasExitTime: 0
  m_HasFixedDuration: 1
  m_InterruptionSource: 0
  m_OrderedInterruption: 1
  m_CanTransitionToSelf: 1
--- !u!1101 &1101268778990578076
AnimatorStateTransition:
  m_ObjectHideFlags: 3
  m_PrefabParentObject: {fileID: 0}
  m_PrefabInternal: {fileID: 0}
  m_Name: 
  m_Conditions:
  - m_ConditionMode: 6
    m_ConditionEvent: Direction
    m_EventTreshold: 0
  m_DstStateMachine: {fileID: 0}
  m_DstState: {fileID: 0}
  m_Solo: 0
  m_Mute: 0
  m_IsExit: 0
  serializedVersion: 3
  m_TransitionDuration: 0.25
  m_TransitionOffset: 0
  m_ExitTime: 0.69262296
  m_HasExitTime: 0
  m_HasFixedDuration: 1
  m_InterruptionSource: 0
  m_OrderedInterruption: 1
  m_CanTransitionToSelf: 1
--- !u!1101 &1101310935271789758
AnimatorStateTransition:
  m_ObjectHideFlags: 3
  m_PrefabParentObject: {fileID: 0}
  m_PrefabInternal: {fileID: 0}
  m_Name: 
  m_Conditions:
  - m_ConditionMode: 6
    m_ConditionEvent: Direction
    m_EventTreshold: 0
  - m_ConditionMode: 1
    m_ConditionEvent: IsAttacking
    m_EventTreshold: 0
  - m_ConditionMode: 2
    m_ConditionEvent: IsDying
    m_EventTreshold: 0
  m_DstStateMachine: {fileID: 0}
  m_DstState: {fileID: 1102060748164347154}
  m_Solo: 0
  m_Mute: 0
  m_IsExit: 0
  serializedVersion: 3
  m_TransitionDuration: 0
  m_TransitionOffset: 0
  m_ExitTime: 1.479898
  m_HasExitTime: 0
  m_HasFixedDuration: 0
  m_InterruptionSource: 0
  m_OrderedInterruption: 1
  m_CanTransitionToSelf: 0
--- !u!1101 &1101344963880419282
AnimatorStateTransition:
  m_ObjectHideFlags: 3
  m_PrefabParentObject: {fileID: 0}
  m_PrefabInternal: {fileID: 0}
  m_Name: 
  m_Conditions:
  - m_ConditionMode: 6
    m_ConditionEvent: Direction
    m_EventTreshold: 4
  - m_ConditionMode: 2
    m_ConditionEvent: IsAttacking
    m_EventTreshold: 0
  - m_ConditionMode: 2
    m_ConditionEvent: IsDying
    m_EventTreshold: 0
  m_DstStateMachine: {fileID: 0}
  m_DstState: {fileID: 1102320655606148562}
  m_Solo: 0
  m_Mute: 0
  m_IsExit: 0
  serializedVersion: 3
  m_TransitionDuration: 0
  m_TransitionOffset: 0
  m_ExitTime: 0
  m_HasExitTime: 0
  m_HasFixedDuration: 0
  m_InterruptionSource: 2
  m_OrderedInterruption: 1
  m_CanTransitionToSelf: 0
--- !u!1101 &1101521706682609862
AnimatorStateTransition:
  m_ObjectHideFlags: 3
  m_PrefabParentObject: {fileID: 0}
  m_PrefabInternal: {fileID: 0}
  m_Name: 
  m_Conditions:
  - m_ConditionMode: 6
    m_ConditionEvent: Direction
    m_EventTreshold: 0
  m_DstStateMachine: {fileID: 0}
  m_DstState: {fileID: 0}
  m_Solo: 0
  m_Mute: 0
  m_IsExit: 0
  serializedVersion: 3
  m_TransitionDuration: 0.25
  m_TransitionOffset: 0
  m_ExitTime: 0.69262296
  m_HasExitTime: 0
  m_HasFixedDuration: 1
  m_InterruptionSource: 0
  m_OrderedInterruption: 1
  m_CanTransitionToSelf: 1
--- !u!1101 &1101635832808296094
AnimatorStateTransition:
  m_ObjectHideFlags: 3
  m_PrefabParentObject: {fileID: 0}
  m_PrefabInternal: {fileID: 0}
  m_Name: 
  m_Conditions:
  - m_ConditionMode: 6
    m_ConditionEvent: Direction
    m_EventTreshold: 3
  - m_ConditionMode: 1
    m_ConditionEvent: IsAttacking
    m_EventTreshold: 0
  - m_ConditionMode: 2
    m_ConditionEvent: IsDying
    m_EventTreshold: 0
  m_DstStateMachine: {fileID: 0}
  m_DstState: {fileID: 1102095480266849676}
  m_Solo: 0
  m_Mute: 0
  m_IsExit: 0
  serializedVersion: 3
  m_TransitionDuration: 0
  m_TransitionOffset: 0
  m_ExitTime: 0.75
  m_HasExitTime: 0
  m_HasFixedDuration: 0
  m_InterruptionSource: 0
  m_OrderedInterruption: 1
  m_CanTransitionToSelf: 0
--- !u!1101 &1101682995483099246
AnimatorStateTransition:
  m_ObjectHideFlags: 3
  m_PrefabParentObject: {fileID: 0}
  m_PrefabInternal: {fileID: 0}
  m_Name: 
  m_Conditions:
  - m_ConditionMode: 6
    m_ConditionEvent: Direction
    m_EventTreshold: 1
  m_DstStateMachine: {fileID: 0}
  m_DstState: {fileID: 0}
  m_Solo: 0
  m_Mute: 0
  m_IsExit: 0
  serializedVersion: 3
  m_TransitionDuration: 0.25
  m_TransitionOffset: 0
  m_ExitTime: 0.69262296
  m_HasExitTime: 0
  m_HasFixedDuration: 1
  m_InterruptionSource: 0
  m_OrderedInterruption: 1
  m_CanTransitionToSelf: 1
--- !u!1101 &1101770330046339170
AnimatorStateTransition:
  m_ObjectHideFlags: 3
  m_PrefabParentObject: {fileID: 0}
  m_PrefabInternal: {fileID: 0}
  m_Name: 
  m_Conditions:
  - m_ConditionMode: 6
    m_ConditionEvent: Direction
    m_EventTreshold: 1
  - m_ConditionMode: 1
    m_ConditionEvent: IsAttacking
    m_EventTreshold: 0
  - m_ConditionMode: 2
    m_ConditionEvent: IsDying
    m_EventTreshold: 0
  m_DstStateMachine: {fileID: 0}
  m_DstState: {fileID: 1102296557430158472}
  m_Solo: 0
  m_Mute: 0
  m_IsExit: 0
  serializedVersion: 3
  m_TransitionDuration: 0
  m_TransitionOffset: 0
  m_ExitTime: 0.75
  m_HasExitTime: 0
  m_HasFixedDuration: 0
  m_InterruptionSource: 0
  m_OrderedInterruption: 1
  m_CanTransitionToSelf: 0
--- !u!1101 &1101853472176855410
AnimatorStateTransition:
  m_ObjectHideFlags: 3
  m_PrefabParentObject: {fileID: 0}
  m_PrefabInternal: {fileID: 0}
  m_Name: 
  m_Conditions:
  - m_ConditionMode: 6
    m_ConditionEvent: Direction
    m_EventTreshold: 1
  - m_ConditionMode: 2
    m_ConditionEvent: IsAttacking
    m_EventTreshold: 0
  - m_ConditionMode: 2
    m_ConditionEvent: IsDying
    m_EventTreshold: 0
  m_DstStateMachine: {fileID: 0}
  m_DstState: {fileID: 1102639653258864682}
  m_Solo: 0
  m_Mute: 0
  m_IsExit: 0
  serializedVersion: 3
  m_TransitionDuration: 0
  m_TransitionOffset: 0
  m_ExitTime: 0
  m_HasExitTime: 0
  m_HasFixedDuration: 0
  m_InterruptionSource: 2
  m_OrderedInterruption: 1
  m_CanTransitionToSelf: 0
--- !u!1101 &1101948235017354664
AnimatorStateTransition:
  m_ObjectHideFlags: 3
  m_PrefabParentObject: {fileID: 0}
  m_PrefabInternal: {fileID: 0}
  m_Name: 
  m_Conditions:
  - m_ConditionMode: 6
    m_ConditionEvent: Direction
    m_EventTreshold: 2
  - m_ConditionMode: 2
    m_ConditionEvent: IsAttacking
    m_EventTreshold: 0
  - m_ConditionMode: 2
    m_ConditionEvent: IsDying
    m_EventTreshold: 0
  m_DstStateMachine: {fileID: 0}
  m_DstState: {fileID: 1102013011013048004}
  m_Solo: 0
  m_Mute: 0
  m_IsExit: 0
  serializedVersion: 3
  m_TransitionDuration: 0
  m_TransitionOffset: 0
  m_ExitTime: 0
  m_HasExitTime: 0
  m_HasFixedDuration: 0
  m_InterruptionSource: 2
  m_OrderedInterruption: 1
  m_CanTransitionToSelf: 0
--- !u!1102 &1102013011013048004
AnimatorState:
  serializedVersion: 5
  m_ObjectHideFlags: 3
  m_PrefabParentObject: {fileID: 0}
  m_PrefabInternal: {fileID: 0}
  m_Name: OrcWalkingEast
  m_Speed: 1
  m_CycleOffset: 0
  m_Transitions: []
  m_StateMachineBehaviours: []
  m_Position: {x: 50, y: 50, z: 0}
  m_IKOnFeet: 0
  m_WriteDefaultValues: 1
  m_Mirror: 0
  m_SpeedParameterActive: 0
  m_MirrorParameterActive: 0
  m_CycleOffsetParameterActive: 0
  m_TimeParameterActive: 0
  m_Motion: {fileID: 7400000, guid: 5619b7674163a4604b5c777b45e27ae7, type: 2}
  m_Tag: 
  m_SpeedParameter: 
  m_MirrorParameter: 
  m_CycleOffsetParameter: 
  m_TimeParameter: 
--- !u!1102 &1102060748164347154
AnimatorState:
  serializedVersion: 5
  m_ObjectHideFlags: 3
  m_PrefabParentObject: {fileID: 0}
  m_PrefabInternal: {fileID: 0}
  m_Name: OrcAttackNorth
  m_Speed: 1
  m_CycleOffset: 0
  m_Transitions: []
  m_StateMachineBehaviours: []
  m_Position: {x: 50, y: 50, z: 0}
  m_IKOnFeet: 0
  m_WriteDefaultValues: 1
  m_Mirror: 0
  m_SpeedParameterActive: 0
  m_MirrorParameterActive: 0
  m_CycleOffsetParameterActive: 0
  m_TimeParameterActive: 0
  m_Motion: {fileID: 7400000, guid: 6229670132ec74f9b9e9fa7bc9c3e7fd, type: 2}
  m_Tag: 
  m_SpeedParameter: 
  m_MirrorParameter: 
  m_CycleOffsetParameter: 
  m_TimeParameter: 
--- !u!1102 &1102095480266849676
AnimatorState:
  serializedVersion: 5
  m_ObjectHideFlags: 3
  m_PrefabParentObject: {fileID: 0}
  m_PrefabInternal: {fileID: 0}
  m_Name: OrcAttackSouthEast
  m_Speed: 1
  m_CycleOffset: 0
  m_Transitions: []
  m_StateMachineBehaviours: []
  m_Position: {x: 50, y: 50, z: 0}
  m_IKOnFeet: 0
  m_WriteDefaultValues: 1
  m_Mirror: 0
  m_SpeedParameterActive: 0
  m_MirrorParameterActive: 0
  m_CycleOffsetParameterActive: 0
  m_TimeParameterActive: 0
  m_Motion: {fileID: 7400000, guid: b0504eb58c63345d88dff13e07c09f77, type: 2}
  m_Tag: 
  m_SpeedParameter: 
  m_MirrorParameter: 
  m_CycleOffsetParameter: 
  m_TimeParameter: 
--- !u!1102 &1102224250950697120
AnimatorState:
  serializedVersion: 5
  m_ObjectHideFlags: 3
  m_PrefabParentObject: {fileID: 0}
  m_PrefabInternal: {fileID: 0}
  m_Name: OrcAttackEast
  m_Speed: 1
  m_CycleOffset: 0
  m_Transitions: []
  m_StateMachineBehaviours: []
  m_Position: {x: 50, y: 50, z: 0}
  m_IKOnFeet: 0
  m_WriteDefaultValues: 1
  m_Mirror: 0
  m_SpeedParameterActive: 0
  m_MirrorParameterActive: 0
  m_CycleOffsetParameterActive: 0
  m_TimeParameterActive: 0
  m_Motion: {fileID: 7400000, guid: 76165fc62909b4ce18dbc745fea1495a, type: 2}
  m_Tag: 
  m_SpeedParameter: 
  m_MirrorParameter: 
  m_CycleOffsetParameter: 
  m_TimeParameter: 
--- !u!1102 &1102229944473252290
AnimatorState:
  serializedVersion: 5
  m_ObjectHideFlags: 3
  m_PrefabParentObject: {fileID: 0}
  m_PrefabInternal: {fileID: 0}
  m_Name: OrcWalkingSouthEast
  m_Speed: 1
  m_CycleOffset: 0
  m_Transitions: []
  m_StateMachineBehaviours: []
  m_Position: {x: 50, y: 50, z: 0}
  m_IKOnFeet: 0
  m_WriteDefaultValues: 1
  m_Mirror: 0
  m_SpeedParameterActive: 0
  m_MirrorParameterActive: 0
  m_CycleOffsetParameterActive: 0
  m_TimeParameterActive: 0
  m_Motion: {fileID: 7400000, guid: 754fb9fd2ac6d43b5913be86c2f27053, type: 2}
  m_Tag: 
  m_SpeedParameter: 
  m_MirrorParameter: 
  m_CycleOffsetParameter: 
  m_TimeParameter: 
--- !u!1102 &1102296557430158472
AnimatorState:
  serializedVersion: 5
  m_ObjectHideFlags: 3
  m_PrefabParentObject: {fileID: 0}
  m_PrefabInternal: {fileID: 0}
  m_Name: OrcAttackNorthEast
  m_Speed: 1
  m_CycleOffset: 0
  m_Transitions: []
  m_StateMachineBehaviours: []
  m_Position: {x: 50, y: 50, z: 0}
  m_IKOnFeet: 0
  m_WriteDefaultValues: 1
  m_Mirror: 0
  m_SpeedParameterActive: 0
  m_MirrorParameterActive: 0
  m_CycleOffsetParameterActive: 0
  m_TimeParameterActive: 0
  m_Motion: {fileID: 7400000, guid: e2705152f9adf450e96bc073998b7468, type: 2}
  m_Tag: 
  m_SpeedParameter: 
  m_MirrorParameter: 
  m_CycleOffsetParameter: 
  m_TimeParameter: 
--- !u!1102 &1102320655606148562
AnimatorState:
  serializedVersion: 5
  m_ObjectHideFlags: 3
  m_PrefabParentObject: {fileID: 0}
  m_PrefabInternal: {fileID: 0}
  m_Name: OrcWalkingSouth
  m_Speed: 1
  m_CycleOffset: 0
  m_Transitions: []
  m_StateMachineBehaviours: []
  m_Position: {x: 50, y: 50, z: 0}
  m_IKOnFeet: 0
  m_WriteDefaultValues: 1
  m_Mirror: 0
  m_SpeedParameterActive: 0
  m_MirrorParameterActive: 0
  m_CycleOffsetParameterActive: 0
  m_TimeParameterActive: 0
  m_Motion: {fileID: 7400000, guid: 1e1870b4beec643b49508ecade1e7176, type: 2}
  m_Tag: 
  m_SpeedParameter: 
  m_MirrorParameter: 
  m_CycleOffsetParameter: 
  m_TimeParameter: 
--- !u!1102 &1102577155756457522
AnimatorState:
  serializedVersion: 5
  m_ObjectHideFlags: 3
  m_PrefabParentObject: {fileID: 0}
  m_PrefabInternal: {fileID: 0}
  m_Name: OrcWalkingNorth
  m_Speed: 1
  m_CycleOffset: 0
  m_Transitions: []
  m_StateMachineBehaviours: []
  m_Position: {x: 50, y: 50, z: 0}
  m_IKOnFeet: 0
  m_WriteDefaultValues: 1
  m_Mirror: 0
  m_SpeedParameterActive: 0
  m_MirrorParameterActive: 0
  m_CycleOffsetParameterActive: 0
  m_TimeParameterActive: 0
  m_Motion: {fileID: 7400000, guid: 1294b0fa2eea14d06a4248b93a614444, type: 2}
  m_Tag: 
  m_SpeedParameter: 
  m_MirrorParameter: 
  m_CycleOffsetParameter: 
  m_TimeParameter: 
--- !u!1102 &1102639653258864682
AnimatorState:
  serializedVersion: 5
  m_ObjectHideFlags: 3
  m_PrefabParentObject: {fileID: 0}
  m_PrefabInternal: {fileID: 0}
  m_Name: OrcWalkingNorthEast
  m_Speed: 1
  m_CycleOffset: 0
  m_Transitions: []
  m_StateMachineBehaviours: []
  m_Position: {x: 50, y: 50, z: 0}
  m_IKOnFeet: 0
  m_WriteDefaultValues: 1
  m_Mirror: 0
  m_SpeedParameterActive: 0
  m_MirrorParameterActive: 0
  m_CycleOffsetParameterActive: 0
  m_TimeParameterActive: 0
  m_Motion: {fileID: 7400000, guid: cc799d0b27c48496a96d8001461bae2b, type: 2}
  m_Tag: 
  m_SpeedParameter: 
  m_MirrorParameter: 
  m_CycleOffsetParameter: 
  m_TimeParameter: 
--- !u!1102 &1102733629890199740
AnimatorState:
  serializedVersion: 5
  m_ObjectHideFlags: 3
  m_PrefabParentObject: {fileID: 0}
  m_PrefabInternal: {fileID: 0}
  m_Name: OrcDying
  m_Speed: 1
  m_CycleOffset: 0
  m_Transitions: []
  m_StateMachineBehaviours: []
  m_Position: {x: 50, y: 50, z: 0}
  m_IKOnFeet: 0
  m_WriteDefaultValues: 1
  m_Mirror: 0
  m_SpeedParameterActive: 0
  m_MirrorParameterActive: 0
  m_CycleOffsetParameterActive: 0
  m_TimeParameterActive: 0
  m_Motion: {fileID: 7400000, guid: ea9e5894bef214346bc1424fcff8ac01, type: 2}
  m_Tag: 
  m_SpeedParameter: 
  m_MirrorParameter: 
  m_CycleOffsetParameter: 
  m_TimeParameter: 
--- !u!1102 &1102936031431307488
AnimatorState:
  serializedVersion: 5
  m_ObjectHideFlags: 3
  m_PrefabParentObject: {fileID: 0}
  m_PrefabInternal: {fileID: 0}
  m_Name: OrcAttackSouth
  m_Speed: 1
  m_CycleOffset: 0
  m_Transitions: []
  m_StateMachineBehaviours: []
  m_Position: {x: 50, y: 50, z: 0}
  m_IKOnFeet: 0
  m_WriteDefaultValues: 1
  m_Mirror: 0
  m_SpeedParameterActive: 0
  m_MirrorParameterActive: 0
  m_CycleOffsetParameterActive: 0
  m_TimeParameterActive: 0
  m_Motion: {fileID: 7400000, guid: e688520e23fd34ac98d868d3b14e91a0, type: 2}
  m_Tag: 
  m_SpeedParameter: 
  m_MirrorParameter: 
  m_CycleOffsetParameter: 
  m_TimeParameter: 
--- !u!1107 &1107417669866804350
AnimatorStateMachine:
  serializedVersion: 5
  m_ObjectHideFlags: 1
  m_PrefabParentObject: {fileID: 0}
  m_PrefabInternal: {fileID: 0}
  m_Name: Base Layer
  m_ChildStates:
  - serializedVersion: 1
    m_State: {fileID: 1102639653258864682}
    m_Position: {x: 792, y: -24, z: 0}
  - serializedVersion: 1
    m_State: {fileID: 1102095480266849676}
    m_Position: {x: 840, y: 420, z: 0}
  - serializedVersion: 1
    m_State: {fileID: 1102229944473252290}
    m_Position: {x: 864, y: 360, z: 0}
  - serializedVersion: 1
    m_State: {fileID: 1102224250950697120}
    m_Position: {x: 984, y: 168, z: 0}
  - serializedVersion: 1
    m_State: {fileID: 1102577155756457522}
    m_Position: {x: 348, y: -72, z: 0}
  - serializedVersion: 1
    m_State: {fileID: 1102320655606148562}
    m_Position: {x: 360, y: 456, z: 0}
  - serializedVersion: 1
    m_State: {fileID: 1102296557430158472}
    m_Position: {x: 744, y: -72, z: 0}
  - serializedVersion: 1
    m_State: {fileID: 1102936031431307488}
    m_Position: {x: 324, y: 504, z: 0}
  - serializedVersion: 1
    m_State: {fileID: 1102013011013048004}
    m_Position: {x: 1020, y: 216, z: 0}
  - serializedVersion: 1
    m_State: {fileID: 1102733629890199740}
    m_Position: {x: -24, y: 180, z: 0}
  - serializedVersion: 1
    m_State: {fileID: 1102060748164347154}
    m_Position: {x: 300, y: -120, z: 0}
  m_ChildStateMachines: []
  m_AnyStateTransitions:
  - {fileID: 1101104840164048392}
  - {fileID: 1101058464112879490}
  - {fileID: 1101344963880419282}
  - {fileID: 1101948235017354664}
  - {fileID: 1101230645615023362}
  - {fileID: 1101039743449380892}
  - {fileID: 1101853472176855410}
  - {fileID: 1101770330046339170}
  - {fileID: 1101635832808296094}
  - {fileID: 1101019993040656878}
  - {fileID: 1101310935271789758}
  m_EntryTransitions: []
  m_StateMachineTransitions: {}
  m_StateMachineBehaviours: []
  m_AnyStatePosition: {x: 336, y: 228, z: 0}
  m_EntryPosition: {x: 144, y: 60, z: 0}
  m_ExitPosition: {x: 1308, y: -120, z: 0}
  m_ParentStateMachinePosition: {x: 800, y: 20, z: 0}
  m_DefaultState: {fileID: 1102639653258864682}
