%YAML 1.1
%TAG !u! tag:unity3d.com,2011:
--- !u!29 &1
OcclusionCullingSettings:
  m_ObjectHideFlags: 0
  serializedVersion: 2
  m_OcclusionBakeSettings:
    smallestOccluder: 5
    smallestHole: 0.25
    backfaceThreshold: 100
  m_SceneGUID: 00000000000000000000000000000000
  m_OcclusionCullingData: {fileID: 0}
--- !u!104 &2
RenderSettings:
  m_ObjectHideFlags: 0
  serializedVersion: 8
  m_Fog: 0
  m_FogColor: {r: 0.5, g: 0.5, b: 0.5, a: 1}
  m_FogMode: 3
  m_FogDensity: 0.01
  m_LinearFogStart: 0
  m_LinearFogEnd: 300
  m_AmbientSkyColor: {r: 0.212, g: 0.227, b: 0.259, a: 1}
  m_AmbientEquatorColor: {r: 0.114, g: 0.125, b: 0.133, a: 1}
  m_AmbientGroundColor: {r: 0.047, g: 0.043, b: 0.035, a: 1}
  m_AmbientIntensity: 1
  m_AmbientMode: 0
  m_SubtractiveShadowColor: {r: 0.42, g: 0.478, b: 0.627, a: 1}
  m_SkyboxMaterial: {fileID: 2100000, guid: 334c68c6c66044f7c9848b4671d374ea, type: 2}
  m_HaloStrength: 0.5
  m_FlareStrength: 1
  m_FlareFadeSpeed: 3
  m_HaloTexture: {fileID: 0}
  m_SpotCookie: {fileID: 10001, guid: 0000000000000000e000000000000000, type: 0}
  m_DefaultReflectionMode: 0
  m_DefaultReflectionResolution: 128
  m_ReflectionBounces: 1
  m_ReflectionIntensity: 1
  m_CustomReflection: {fileID: 0}
  m_Sun: {fileID: 0}
  m_IndirectSpecularColor: {r: 0.2894481, g: 0.34768063, b: 0.392963, a: 1}
--- !u!157 &3
LightmapSettings:
  m_ObjectHideFlags: 0
  serializedVersion: 11
  m_GIWorkflowMode: 0
  m_GISettings:
    serializedVersion: 2
    m_BounceScale: 1
    m_IndirectOutputScale: 1
    m_AlbedoBoost: 1
    m_TemporalCoherenceThreshold: 1
    m_EnvironmentLightingMode: 0
    m_EnableBakedLightmaps: 1
    m_EnableRealtimeLightmaps: 1
  m_LightmapEditorSettings:
    serializedVersion: 9
    m_Resolution: 2
    m_BakeResolution: 40
    m_TextureWidth: 1024
    m_TextureHeight: 1024
    m_AO: 0
    m_AOMaxDistance: 1
    m_CompAOExponent: 1
    m_CompAOExponentDirect: 0
    m_Padding: 2
    m_LightmapParameters: {fileID: 0}
    m_LightmapsBakeMode: 1
    m_TextureCompression: 1
    m_FinalGather: 0
    m_FinalGatherFiltering: 1
    m_FinalGatherRayCount: 256
    m_ReflectionCompression: 2
    m_MixedBakeMode: 2
    m_BakeBackend: 0
    m_PVRSampling: 1
    m_PVRDirectSampleCount: 32
    m_PVRSampleCount: 500
    m_PVRBounces: 2
    m_PVRFilterTypeDirect: 0
    m_PVRFilterTypeIndirect: 0
    m_PVRFilterTypeAO: 0
    m_PVRFilteringMode: 1
    m_PVRCulling: 1
    m_PVRFilteringGaussRadiusDirect: 1
    m_PVRFilteringGaussRadiusIndirect: 5
    m_PVRFilteringGaussRadiusAO: 2
    m_PVRFilteringAtrousPositionSigmaDirect: 0.5
    m_PVRFilteringAtrousPositionSigmaIndirect: 2
    m_PVRFilteringAtrousPositionSigmaAO: 1
    m_ShowResolutionOverlay: 1
  m_LightingDataAsset: {fileID: 0}
  m_UseShadowmask: 1
--- !u!196 &4
NavMeshSettings:
  serializedVersion: 2
  m_ObjectHideFlags: 0
  m_BuildSettings:
    serializedVersion: 2
    agentTypeID: 0
    agentRadius: 3
    agentHeight: 2
    agentSlope: 30
    agentClimb: 1.1
    ledgeDropHeight: 0
    maxJumpAcrossDistance: 0
    minRegionArea: 2
    manualCellSize: 0
    cellSize: 1
    manualTileSize: 0
    tileSize: 256
    accuratePlacement: 0
    debug:
      m_Flags: 0
  m_NavMeshData: {fileID: 23800000, guid: 3e32b731b031e4269838578a1b336abd, type: 2}
--- !u!1 &217959200
GameObject:
  m_ObjectHideFlags: 0
  m_PrefabParentObject: {fileID: 1804246741017064, guid: 8daf5d0ae7da1477b8782e942afb45d9,
    type: 2}
  m_PrefabInternal: {fileID: 0}
  serializedVersion: 5
  m_Component:
  - component: {fileID: 217959201}
  - component: {fileID: 217959202}
  m_Layer: 0
  m_Name: wheelFrontLeft
  m_TagString: Untagged
  m_Icon: {fileID: 0}
  m_NavMeshLayer: 0
  m_StaticEditorFlags: 0
  m_IsActive: 1
--- !u!4 &217959201
Transform:
  m_ObjectHideFlags: 0
  m_PrefabParentObject: {fileID: 4615318713043764, guid: 8daf5d0ae7da1477b8782e942afb45d9,
    type: 2}
  m_PrefabInternal: {fileID: 0}
  m_GameObject: {fileID: 217959200}
  m_LocalRotation: {x: -0, y: -0, z: -0, w: 1}
  m_LocalPosition: {x: -1.734001, y: 0.53699785, z: 1.005}
  m_LocalScale: {x: 1, y: 1, z: 1}
  m_Children:
  - {fileID: 370573414}
  m_Father: {fileID: 436610134}
  m_RootOrder: 3
  m_LocalEulerAnglesHint: {x: 0, y: 0, z: 0}
--- !u!146 &217959202
WheelCollider:
  m_ObjectHideFlags: 0
  m_PrefabParentObject: {fileID: 146020275095970326, guid: 8daf5d0ae7da1477b8782e942afb45d9,
    type: 2}
  m_PrefabInternal: {fileID: 0}
  m_GameObject: {fileID: 217959200}
  m_Center: {x: 0, y: 0, z: 0}
  m_Radius: 0.4
  m_SuspensionSpring:
    spring: 35000
    damper: 4500
    targetPosition: 0.5
  m_SuspensionDistance: 0.3
  m_ForceAppPointDistance: 0
  m_Mass: 100
  m_WheelDampingRate: 0.25
  m_ForwardFriction:
    m_ExtremumSlip: 0.4
    m_ExtremumValue: 1
    m_AsymptoteSlip: 0.8
    m_AsymptoteValue: 0.5
    m_Stiffness: 1
  m_SidewaysFriction:
    m_ExtremumSlip: 0.2
    m_ExtremumValue: 1
    m_AsymptoteSlip: 0.5
    m_AsymptoteValue: 0.75
    m_Stiffness: 1
  m_Enabled: 1
--- !u!1 &308487875
GameObject:
  m_ObjectHideFlags: 0
  m_PrefabParentObject: {fileID: 1804246741017064, guid: 8daf5d0ae7da1477b8782e942afb45d9,
    type: 2}
  m_PrefabInternal: {fileID: 0}
  serializedVersion: 5
  m_Component:
  - component: {fileID: 308487876}
  - component: {fileID: 308487877}
  m_Layer: 0
  m_Name: wheelMiddleLeft
  m_TagString: Untagged
  m_Icon: {fileID: 0}
  m_NavMeshLayer: 0
  m_StaticEditorFlags: 0
  m_IsActive: 1
--- !u!4 &308487876
Transform:
  m_ObjectHideFlags: 0
  m_PrefabParentObject: {fileID: 4615318713043764, guid: 8daf5d0ae7da1477b8782e942afb45d9,
    type: 2}
  m_PrefabInternal: {fileID: 0}
  m_GameObject: {fileID: 308487875}
  m_LocalRotation: {x: -0, y: -0, z: -0, w: 1}
  m_LocalPosition: {x: -1.734001, y: 0.53699785, z: 0.10499573}
  m_LocalScale: {x: 1, y: 1, z: 1}
  m_Children:
  - {fileID: 886746033}
  m_Father: {fileID: 436610134}
  m_RootOrder: 5
  m_LocalEulerAnglesHint: {x: 0, y: 0, z: 0}
--- !u!146 &308487877
WheelCollider:
  m_ObjectHideFlags: 0
  m_PrefabParentObject: {fileID: 146020275095970326, guid: 8daf5d0ae7da1477b8782e942afb45d9,
    type: 2}
  m_PrefabInternal: {fileID: 0}
  m_GameObject: {fileID: 308487875}
  m_Center: {x: 0, y: 0, z: 0}
  m_Radius: 0.4
  m_SuspensionSpring:
    spring: 35000
    damper: 4500
    targetPosition: 0.5
  m_SuspensionDistance: 0.3
  m_ForceAppPointDistance: 0
  m_Mass: 100
  m_WheelDampingRate: 0.25
  m_ForwardFriction:
    m_ExtremumSlip: 0.4
    m_ExtremumValue: 1
    m_AsymptoteSlip: 0.8
    m_AsymptoteValue: 0.5
    m_Stiffness: 1
  m_SidewaysFriction:
    m_ExtremumSlip: 0.2
    m_ExtremumValue: 1
    m_AsymptoteSlip: 0.5
    m_AsymptoteValue: 0.75
    m_Stiffness: 1
  m_Enabled: 1
--- !u!1001 &341978681
Prefab:
  m_ObjectHideFlags: 0
  serializedVersion: 2
  m_Modification:
    m_TransformParent: {fileID: 0}
    m_Modifications:
    - target: {fileID: 4894957667442236, guid: ec566e455116158479636461f6a8decb, type: 2}
      propertyPath: m_LocalPosition.x
      value: 35.443054
      objectReference: {fileID: 0}
    - target: {fileID: 4894957667442236, guid: ec566e455116158479636461f6a8decb, type: 2}
      propertyPath: m_LocalPosition.y
      value: 30.012817
      objectReference: {fileID: 0}
    - target: {fileID: 4894957667442236, guid: ec566e455116158479636461f6a8decb, type: 2}
      propertyPath: m_LocalPosition.z
      value: 185.5059
      objectReference: {fileID: 0}
    - target: {fileID: 4894957667442236, guid: ec566e455116158479636461f6a8decb, type: 2}
      propertyPath: m_LocalRotation.x
      value: 0
      objectReference: {fileID: 0}
    - target: {fileID: 4894957667442236, guid: ec566e455116158479636461f6a8decb, type: 2}
      propertyPath: m_LocalRotation.y
      value: -0
      objectReference: {fileID: 0}
    - target: {fileID: 4894957667442236, guid: ec566e455116158479636461f6a8decb, type: 2}
      propertyPath: m_LocalRotation.z
      value: -0
      objectReference: {fileID: 0}
    - target: {fileID: 4894957667442236, guid: ec566e455116158479636461f6a8decb, type: 2}
      propertyPath: m_LocalRotation.w
      value: 1
      objectReference: {fileID: 0}
    - target: {fileID: 4894957667442236, guid: ec566e455116158479636461f6a8decb, type: 2}
      propertyPath: m_RootOrder
      value: 1
      objectReference: {fileID: 0}
    - target: {fileID: 1381644363605604, guid: ec566e455116158479636461f6a8decb, type: 2}
      propertyPath: m_Name
      value: AITank (1)
      objectReference: {fileID: 0}
    - target: {fileID: 224384555563207622, guid: ec566e455116158479636461f6a8decb,
        type: 2}
      propertyPath: m_AnchorMax.x
      value: 1
      objectReference: {fileID: 0}
    - target: {fileID: 224384555563207622, guid: ec566e455116158479636461f6a8decb,
        type: 2}
      propertyPath: m_AnchorMax.y
      value: 1
      objectReference: {fileID: 0}
    - target: {fileID: 114062634837945212, guid: ec566e455116158479636461f6a8decb,
        type: 2}
      propertyPath: m_Direction
      value: 1
      objectReference: {fileID: 0}
    m_RemovedComponents: []
  m_ParentPrefab: {fileID: 100100000, guid: ec566e455116158479636461f6a8decb, type: 2}
  m_IsPrefabParent: 0
--- !u!1 &370573413
GameObject:
  m_ObjectHideFlags: 0
  m_PrefabParentObject: {fileID: 0}
  m_PrefabInternal: {fileID: 0}
  serializedVersion: 5
  m_Component:
  - component: {fileID: 370573414}
  m_Layer: 0
  m_Name: GameObject
  m_TagString: Untagged
  m_Icon: {fileID: 0}
  m_NavMeshLayer: 0
  m_StaticEditorFlags: 0
  m_IsActive: 1
--- !u!4 &370573414
Transform:
  m_ObjectHideFlags: 0
  m_PrefabParentObject: {fileID: 0}
  m_PrefabInternal: {fileID: 0}
  m_GameObject: {fileID: 370573413}
  m_LocalRotation: {x: 0, y: 0, z: 0, w: 1}
  m_LocalPosition: {x: 0, y: 0, z: 0}
  m_LocalScale: {x: 1, y: 1, z: 1}
  m_Children: []
  m_Father: {fileID: 217959201}
  m_RootOrder: 0
  m_LocalEulerAnglesHint: {x: 0, y: 0, z: 0}
--- !u!1 &436610133
GameObject:
  m_ObjectHideFlags: 0
  m_PrefabParentObject: {fileID: 1447980312228262, guid: 8daf5d0ae7da1477b8782e942afb45d9,
    type: 2}
  m_PrefabInternal: {fileID: 0}
  serializedVersion: 5
  m_Component:
  - component: {fileID: 436610134}
  m_Layer: 0
  m_Name: Wheels
  m_TagString: Untagged
  m_Icon: {fileID: 0}
  m_NavMeshLayer: 0
  m_StaticEditorFlags: 0
  m_IsActive: 1
--- !u!4 &436610134
Transform:
  m_ObjectHideFlags: 0
  m_PrefabParentObject: {fileID: 4014713349826490, guid: 8daf5d0ae7da1477b8782e942afb45d9,
    type: 2}
  m_PrefabInternal: {fileID: 0}
  m_GameObject: {fileID: 436610133}
  m_LocalRotation: {x: 0, y: 0, z: 0, w: 1}
  m_LocalPosition: {x: 0, y: 0.019, z: 0}
  m_LocalScale: {x: 1, y: 1, z: 1}
  m_Children:
  - {fileID: 497794824}
  - {fileID: 947850953}
  - {fileID: 1372871332}
  - {fileID: 217959201}
  - {fileID: 1179449850}
  - {fileID: 308487876}
  m_Father: {fileID: 527044856}
  m_RootOrder: 2
  m_LocalEulerAnglesHint: {x: 0, y: 0, z: 0}
--- !u!1 &497794823
GameObject:
  m_ObjectHideFlags: 0
  m_PrefabParentObject: {fileID: 1804246741017064, guid: 8daf5d0ae7da1477b8782e942afb45d9,
    type: 2}
  m_PrefabInternal: {fileID: 0}
  serializedVersion: 5
  m_Component:
  - component: {fileID: 497794824}
  - component: {fileID: 497794825}
  m_Layer: 0
  m_Name: wheelFrontRight
  m_TagString: Untagged
  m_Icon: {fileID: 0}
  m_NavMeshLayer: 0
  m_StaticEditorFlags: 0
  m_IsActive: 1
--- !u!4 &497794824
Transform:
  m_ObjectHideFlags: 0
  m_PrefabParentObject: {fileID: 4615318713043764, guid: 8daf5d0ae7da1477b8782e942afb45d9,
    type: 2}
  m_PrefabInternal: {fileID: 0}
  m_GameObject: {fileID: 497794823}
  m_LocalRotation: {x: -0, y: -0, z: -0, w: 1}
  m_LocalPosition: {x: 1.7340012, y: 0.53699875, z: 1.004999}
  m_LocalScale: {x: 1, y: 1, z: 1}
  m_Children:
  - {fileID: 791692063}
  m_Father: {fileID: 436610134}
  m_RootOrder: 0
  m_LocalEulerAnglesHint: {x: 0, y: 0, z: 0}
--- !u!146 &497794825
WheelCollider:
  m_ObjectHideFlags: 0
  m_PrefabParentObject: {fileID: 146020275095970326, guid: 8daf5d0ae7da1477b8782e942afb45d9,
    type: 2}
  m_PrefabInternal: {fileID: 0}
  m_GameObject: {fileID: 497794823}
  m_Center: {x: 0, y: 0, z: 0}
  m_Radius: 0.4
  m_SuspensionSpring:
    spring: 35000
    damper: 4500
    targetPosition: 0.5
  m_SuspensionDistance: 0.3
  m_ForceAppPointDistance: 0
  m_Mass: 100
  m_WheelDampingRate: 0.25
  m_ForwardFriction:
    m_ExtremumSlip: 0.4
    m_ExtremumValue: 1
    m_AsymptoteSlip: 0.8
    m_AsymptoteValue: 0.5
    m_Stiffness: 1
  m_SidewaysFriction:
    m_ExtremumSlip: 0.2
    m_ExtremumValue: 1
    m_AsymptoteSlip: 0.5
    m_AsymptoteValue: 0.75
    m_Stiffness: 1
  m_Enabled: 1
--- !u!1 &513413511
GameObject:
  m_ObjectHideFlags: 0
  m_PrefabParentObject: {fileID: 0}
  m_PrefabInternal: {fileID: 0}
  serializedVersion: 5
  m_Component:
  - component: {fileID: 513413514}
  - component: {fileID: 513413513}
  - component: {fileID: 513413512}
  m_Layer: 0
  m_Name: Terrain
  m_TagString: Untagged
  m_Icon: {fileID: 0}
  m_NavMeshLayer: 0
  m_StaticEditorFlags: 4294967295
  m_IsActive: 1
--- !u!154 &513413512
TerrainCollider:
  m_ObjectHideFlags: 0
  m_PrefabParentObject: {fileID: 0}
  m_PrefabInternal: {fileID: 0}
  m_GameObject: {fileID: 513413511}
  m_Material: {fileID: 0}
  m_Enabled: 1
  m_TerrainData: {fileID: 15600000, guid: 3c4f9f9574c6747a4badb49a988692e3, type: 2}
  m_EnableTreeColliders: 1
--- !u!218 &513413513
Terrain:
  m_ObjectHideFlags: 0
  m_PrefabParentObject: {fileID: 0}
  m_PrefabInternal: {fileID: 0}
  m_GameObject: {fileID: 513413511}
  m_Enabled: 1
  serializedVersion: 3
  m_TerrainData: {fileID: 15600000, guid: 3c4f9f9574c6747a4badb49a988692e3, type: 2}
  m_TreeDistance: 2000
  m_TreeBillboardDistance: 50
  m_TreeCrossFadeLength: 5
  m_TreeMaximumFullLODCount: 50
  m_DetailObjectDistance: 80
  m_DetailObjectDensity: 1
  m_HeightmapPixelError: 5
  m_SplatMapDistance: 1000
  m_HeightmapMaximumLOD: 0
  m_CastShadows: 1
  m_DrawHeightmap: 1
  m_DrawTreesAndFoliage: 1
  m_ReflectionProbeUsage: 1
  m_MaterialType: 0
  m_LegacySpecular:
    serializedVersion: 2
    rgba: 4286545791
  m_LegacyShininess: 0.078125
  m_MaterialTemplate: {fileID: 0}
  m_BakeLightProbesForTrees: 1
  m_ScaleInLightmap: 3
  m_LightmapParameters: {fileID: 15203, guid: 0000000000000000f000000000000000, type: 0}
--- !u!4 &513413514
Transform:
  m_ObjectHideFlags: 0
  m_PrefabParentObject: {fileID: 0}
  m_PrefabInternal: {fileID: 0}
  m_GameObject: {fileID: 513413511}
  m_LocalRotation: {x: 0, y: 0, z: 0, w: 1}
  m_LocalPosition: {x: 0, y: 0, z: 0}
  m_LocalScale: {x: 1, y: 1, z: 1}
  m_Children: []
  m_Father: {fileID: 0}
  m_RootOrder: 5
  m_LocalEulerAnglesHint: {x: 0, y: 0, z: 0}
--- !u!1 &527044855
GameObject:
  m_ObjectHideFlags: 0
  m_PrefabParentObject: {fileID: 1371401405036524, guid: 8daf5d0ae7da1477b8782e942afb45d9,
    type: 2}
  m_PrefabInternal: {fileID: 0}
  serializedVersion: 5
  m_Component:
  - component: {fileID: 527044856}
  - component: {fileID: 527044860}
  - component: {fileID: 527044858}
  - component: {fileID: 956141065}
  - component: {fileID: 527044857}
  m_Layer: 0
  m_Name: tank
  m_TagString: Tank
  m_Icon: {fileID: 0}
  m_NavMeshLayer: 0
  m_StaticEditorFlags: 0
  m_IsActive: 1
--- !u!4 &527044856
Transform:
  m_ObjectHideFlags: 0
  m_PrefabParentObject: {fileID: 4991139088049296, guid: 8daf5d0ae7da1477b8782e942afb45d9,
    type: 2}
  m_PrefabInternal: {fileID: 0}
  m_GameObject: {fileID: 527044855}
  m_LocalRotation: {x: -0, y: 0.9949122, z: -0, w: 0.100746244}
  m_LocalPosition: {x: 103.64317, y: 30.47, z: 217.58864}
  m_LocalScale: {x: 1, y: 1, z: 1}
  m_Children:
  - {fileID: 887467699}
  - {fileID: 884942254}
  - {fileID: 436610134}
  - {fileID: 1787428616}
  m_Father: {fileID: 0}
  m_RootOrder: 3
  m_LocalEulerAnglesHint: {x: 0, y: 168.436, z: 0}
--- !u!114 &527044857
MonoBehaviour:
  m_ObjectHideFlags: 0
  m_PrefabParentObject: {fileID: 0}
  m_PrefabInternal: {fileID: 0}
  m_GameObject: {fileID: 527044855}
  m_Enabled: 1
  m_EditorHideFlags: 0
  m_Script: {fileID: 11500000, guid: e90fc2d5fa8314e18a90c6cca66dd596, type: 3}
  m_Name: 
  m_EditorClassIdentifier: 
  speed: 3
  axleInfos:
  - leftWheel: {fileID: 217959202}
    rightWheel: {fileID: 497794825}
    motor: 0
    steering: 1
  - leftWheel: {fileID: 308487877}
    rightWheel: {fileID: 1372871333}
    motor: 1
    steering: 0
  - leftWheel: {fileID: 1179449851}
    rightWheel: {fileID: 947850954}
    motor: 1
    steering: 0
  maxHP: 100
  maxMissiles: 8
  range: 0
  maxMotorTorque: 400
  maxBoostMotorTorque: 800
  maxBoostTime: 3
  maxSteeringAngle: 40
  canon: {fileID: 887467698}
  canonImpact: {fileID: 161966, guid: 33d4f7e1c95ea4f6ab734c004aac70e7, type: 2}
  bulletImpact: {fileID: 161966, guid: ca77c5f38c75a42ccac6cc3bb518a186, type: 2}
  shootSound: {fileID: 956141065}
  canvas: {fileID: 1787428616}
  hpText: {fileID: 1228441605}
  missilesText: {fileID: 716785770}
  crossCursor: {fileID: 743404406}
  cam: {fileID: 1989725469}
--- !u!65 &527044858
BoxCollider:
  m_ObjectHideFlags: 0
  m_PrefabParentObject: {fileID: 65764800276494484, guid: 8daf5d0ae7da1477b8782e942afb45d9,
    type: 2}
  m_PrefabInternal: {fileID: 0}
  m_GameObject: {fileID: 527044855}
  m_Material: {fileID: 0}
  m_IsTrigger: 0
  m_Enabled: 1
  serializedVersion: 2
  m_Size: {x: 3, y: 2, z: 2.15}
  m_Center: {x: 0, y: 1.1, z: 0}
--- !u!54 &527044860
Rigidbody:
  m_ObjectHideFlags: 0
  m_PrefabParentObject: {fileID: 54673188386387316, guid: 8daf5d0ae7da1477b8782e942afb45d9,
    type: 2}
  m_PrefabInternal: {fileID: 0}
  m_GameObject: {fileID: 527044855}
  serializedVersion: 2
  m_Mass: 1500
  m_Drag: 0
  m_AngularDrag: 0.05
  m_UseGravity: 1
  m_IsKinematic: 0
  m_Interpolate: 0
  m_Constraints: 0
  m_CollisionDetection: 0
--- !u!1 &690119492
GameObject:
  m_ObjectHideFlags: 0
  m_PrefabParentObject: {fileID: 1839880265948114, guid: 8daf5d0ae7da1477b8782e942afb45d9,
    type: 2}
  m_PrefabInternal: {fileID: 0}
  serializedVersion: 5
  m_Component:
  - component: {fileID: 690119493}
  - component: {fileID: 690119495}
  - component: {fileID: 690119494}
  m_Layer: 5
  m_Name: LifeLabel
  m_TagString: Untagged
  m_Icon: {fileID: 0}
  m_NavMeshLayer: 0
  m_StaticEditorFlags: 0
  m_IsActive: 1
--- !u!224 &690119493
RectTransform:
  m_ObjectHideFlags: 0
  m_PrefabParentObject: {fileID: 224943692428035516, guid: 8daf5d0ae7da1477b8782e942afb45d9,
    type: 2}
  m_PrefabInternal: {fileID: 0}
  m_GameObject: {fileID: 690119492}
  m_LocalRotation: {x: -0, y: -0, z: -0, w: 1}
  m_LocalPosition: {x: 0, y: 0, z: -0}
  m_LocalScale: {x: 1, y: 1, z: 1}
  m_Children: []
  m_Father: {fileID: 1342614615}
  m_RootOrder: 0
  m_LocalEulerAnglesHint: {x: 0, y: 0, z: 0}
  m_AnchorMin: {x: 0, y: 0}
  m_AnchorMax: {x: 0, y: 0}
  m_AnchoredPosition: {x: 0, y: 0}
  m_SizeDelta: {x: 3.5, y: 0.75}
  m_Pivot: {x: 0.5, y: 0.5}
--- !u!114 &690119494
MonoBehaviour:
  m_ObjectHideFlags: 0
  m_PrefabParentObject: {fileID: 114555229766963072, guid: 8daf5d0ae7da1477b8782e942afb45d9,
    type: 2}
  m_PrefabInternal: {fileID: 0}
  m_GameObject: {fileID: 690119492}
  m_Enabled: 1
  m_EditorHideFlags: 0
  m_Script: {fileID: 708705254, guid: f5f67c52d1564df4a8936ccd202a3bd8, type: 3}
  m_Name: 
  m_EditorClassIdentifier: 
  m_Material: {fileID: 0}
  m_Color: {r: 1, g: 1, b: 1, a: 1}
  m_RaycastTarget: 1
  m_OnCullStateChanged:
    m_PersistentCalls:
      m_Calls: []
    m_TypeName: UnityEngine.UI.MaskableGraphic+CullStateChangedEvent, UnityEngine.UI,
      Version=1.0.0.0, Culture=neutral, PublicKeyToken=null
  m_FontData:
    m_Font: {fileID: 12800000, guid: 5d0dc4817a9254200847b0755090ba5c, type: 3}
    m_FontSize: 10
    m_FontStyle: 0
    m_BestFit: 0
    m_MinSize: 0
    m_MaxSize: 300
    m_Alignment: 4
    m_AlignByGeometry: 0
    m_RichText: 1
    m_HorizontalOverflow: 1
    m_VerticalOverflow: 1
    m_LineSpacing: 1
  m_Text: Life
--- !u!222 &690119495
CanvasRenderer:
  m_ObjectHideFlags: 0
  m_PrefabParentObject: {fileID: 222953946400169736, guid: 8daf5d0ae7da1477b8782e942afb45d9,
    type: 2}
  m_PrefabInternal: {fileID: 0}
  m_GameObject: {fileID: 690119492}
--- !u!1 &716785768
GameObject:
  m_ObjectHideFlags: 0
  m_PrefabParentObject: {fileID: 1214729719150066, guid: 8daf5d0ae7da1477b8782e942afb45d9,
    type: 2}
  m_PrefabInternal: {fileID: 0}
  serializedVersion: 5
  m_Component:
  - component: {fileID: 716785769}
  - component: {fileID: 716785771}
  - component: {fileID: 716785770}
  m_Layer: 5
  m_Name: AmmoValue
  m_TagString: Untagged
  m_Icon: {fileID: 0}
  m_NavMeshLayer: 0
  m_StaticEditorFlags: 0
  m_IsActive: 1
--- !u!224 &716785769
RectTransform:
  m_ObjectHideFlags: 0
  m_PrefabParentObject: {fileID: 224106313784796710, guid: 8daf5d0ae7da1477b8782e942afb45d9,
    type: 2}
  m_PrefabInternal: {fileID: 0}
  m_GameObject: {fileID: 716785768}
  m_LocalRotation: {x: -0, y: -0, z: -0, w: 1}
  m_LocalPosition: {x: 0, y: 0, z: 0}
  m_LocalScale: {x: 1, y: 1, z: 1}
  m_Children: []
  m_Father: {fileID: 1041274030}
  m_RootOrder: 1
  m_LocalEulerAnglesHint: {x: 0, y: 0, z: 0}
  m_AnchorMin: {x: 0, y: 0}
  m_AnchorMax: {x: 0, y: 0}
  m_AnchoredPosition: {x: 0, y: 0}
  m_SizeDelta: {x: 3.5, y: 0.75}
  m_Pivot: {x: 0.5, y: 0.5}
--- !u!114 &716785770
MonoBehaviour:
  m_ObjectHideFlags: 0
  m_PrefabParentObject: {fileID: 114373467937823638, guid: 8daf5d0ae7da1477b8782e942afb45d9,
    type: 2}
  m_PrefabInternal: {fileID: 0}
  m_GameObject: {fileID: 716785768}
  m_Enabled: 1
  m_EditorHideFlags: 0
  m_Script: {fileID: 708705254, guid: f5f67c52d1564df4a8936ccd202a3bd8, type: 3}
  m_Name: 
  m_EditorClassIdentifier: 
  m_Material: {fileID: 0}
  m_Color: {r: 1, g: 1, b: 1, a: 1}
  m_RaycastTarget: 1
  m_OnCullStateChanged:
    m_PersistentCalls:
      m_Calls: []
    m_TypeName: UnityEngine.UI.MaskableGraphic+CullStateChangedEvent, UnityEngine.UI,
      Version=1.0.0.0, Culture=neutral, PublicKeyToken=null
  m_FontData:
    m_Font: {fileID: 12800000, guid: 5d0dc4817a9254200847b0755090ba5c, type: 3}
    m_FontSize: 7
    m_FontStyle: 0
    m_BestFit: 0
    m_MinSize: 0
    m_MaxSize: 144
    m_Alignment: 4
    m_AlignByGeometry: 0
    m_RichText: 1
    m_HorizontalOverflow: 1
    m_VerticalOverflow: 1
    m_LineSpacing: 1
  m_Text: 0 / 4
--- !u!222 &716785771
CanvasRenderer:
  m_ObjectHideFlags: 0
  m_PrefabParentObject: {fileID: 222585664446194370, guid: 8daf5d0ae7da1477b8782e942afb45d9,
    type: 2}
  m_PrefabInternal: {fileID: 0}
  m_GameObject: {fileID: 716785768}
--- !u!1 &743404404
GameObject:
  m_ObjectHideFlags: 0
  m_PrefabParentObject: {fileID: 0}
  m_PrefabInternal: {fileID: 0}
  serializedVersion: 5
  m_Component:
  - component: {fileID: 743404405}
  - component: {fileID: 743404407}
  - component: {fileID: 743404406}
  m_Layer: 5
  m_Name: Image
  m_TagString: Untagged
  m_Icon: {fileID: 0}
  m_NavMeshLayer: 0
  m_StaticEditorFlags: 0
  m_IsActive: 1
--- !u!224 &743404405
RectTransform:
  m_ObjectHideFlags: 0
  m_PrefabParentObject: {fileID: 0}
  m_PrefabInternal: {fileID: 0}
  m_GameObject: {fileID: 743404404}
  m_LocalRotation: {x: 0, y: 0, z: 0, w: 1}
  m_LocalPosition: {x: 0, y: 0, z: 0}
  m_LocalScale: {x: 0.5, y: 0.5, z: 0.5}
  m_Children: []
  m_Father: {fileID: 1731930959}
  m_RootOrder: 0
  m_LocalEulerAnglesHint: {x: 0, y: 0, z: 0}
  m_AnchorMin: {x: 0.5, y: 0.5}
  m_AnchorMax: {x: 0.5, y: 0.5}
  m_AnchoredPosition: {x: 0, y: 175}
  m_SizeDelta: {x: 100, y: 100}
  m_Pivot: {x: 0.5, y: 0.5}
--- !u!114 &743404406
MonoBehaviour:
  m_ObjectHideFlags: 0
  m_PrefabParentObject: {fileID: 0}
  m_PrefabInternal: {fileID: 0}
  m_GameObject: {fileID: 743404404}
  m_Enabled: 1
  m_EditorHideFlags: 0
  m_Script: {fileID: -765806418, guid: f70555f144d8491a825f0804e09c671c, type: 3}
  m_Name: 
  m_EditorClassIdentifier: 
  m_Material: {fileID: 0}
  m_Color: {r: 1, g: 1, b: 1, a: 1}
  m_RaycastTarget: 1
  m_OnCullStateChanged:
    m_PersistentCalls:
      m_Calls: []
    m_TypeName: UnityEngine.UI.MaskableGraphic+CullStateChangedEvent, UnityEngine.UI,
      Version=1.0.0.0, Culture=neutral, PublicKeyToken=null
  m_Sprite: {fileID: 21300000, guid: 097fe180fcd6d456888c703b1cc3a057, type: 3}
  m_Type: 0
  m_PreserveAspect: 0
  m_FillCenter: 1
  m_FillMethod: 4
  m_FillAmount: 1
  m_FillClockwise: 1
  m_FillOrigin: 0
--- !u!222 &743404407
CanvasRenderer:
  m_ObjectHideFlags: 0
  m_PrefabParentObject: {fileID: 0}
  m_PrefabInternal: {fileID: 0}
  m_GameObject: {fileID: 743404404}
--- !u!1 &791692062
GameObject:
  m_ObjectHideFlags: 0
  m_PrefabParentObject: {fileID: 0}
  m_PrefabInternal: {fileID: 0}
  serializedVersion: 5
  m_Component:
  - component: {fileID: 791692063}
  m_Layer: 0
  m_Name: GameObject
  m_TagString: Untagged
  m_Icon: {fileID: 0}
  m_NavMeshLayer: 0
  m_StaticEditorFlags: 0
  m_IsActive: 1
--- !u!4 &791692063
Transform:
  m_ObjectHideFlags: 0
  m_PrefabParentObject: {fileID: 0}
  m_PrefabInternal: {fileID: 0}
  m_GameObject: {fileID: 791692062}
  m_LocalRotation: {x: 0, y: 0, z: 0, w: 1}
  m_LocalPosition: {x: 0, y: 0, z: 0}
  m_LocalScale: {x: 1, y: 1, z: 1}
  m_Children: []
  m_Father: {fileID: 497794824}
  m_RootOrder: 0
  m_LocalEulerAnglesHint: {x: 0, y: 0, z: 0}
--- !u!1 &884942253
GameObject:
  m_ObjectHideFlags: 0
  m_PrefabParentObject: {fileID: 1515244579323724, guid: 8daf5d0ae7da1477b8782e942afb45d9,
    type: 2}
  m_PrefabInternal: {fileID: 0}
  serializedVersion: 5
  m_Component:
  - component: {fileID: 884942254}
  - component: {fileID: 884942256}
  - component: {fileID: 884942255}
  m_Layer: 0
  m_Name: default
  m_TagString: Untagged
  m_Icon: {fileID: 0}
  m_NavMeshLayer: 0
  m_StaticEditorFlags: 0
  m_IsActive: 1
--- !u!4 &884942254
Transform:
  m_ObjectHideFlags: 0
  m_PrefabParentObject: {fileID: 4536541232346372, guid: 8daf5d0ae7da1477b8782e942afb45d9,
    type: 2}
  m_PrefabInternal: {fileID: 0}
  m_GameObject: {fileID: 884942253}
  m_LocalRotation: {x: 0, y: -0, z: -0, w: 1}
  m_LocalPosition: {x: -0, y: 0, z: 0}
  m_LocalScale: {x: 1, y: 1, z: 1}
  m_Children: []
  m_Father: {fileID: 527044856}
  m_RootOrder: 1
  m_LocalEulerAnglesHint: {x: 0, y: 0, z: 0}
--- !u!23 &884942255
MeshRenderer:
  m_ObjectHideFlags: 0
  m_PrefabParentObject: {fileID: 23790218422603510, guid: 8daf5d0ae7da1477b8782e942afb45d9,
    type: 2}
  m_PrefabInternal: {fileID: 0}
  m_GameObject: {fileID: 884942253}
  m_Enabled: 1
  m_CastShadows: 1
  m_ReceiveShadows: 1
  m_DynamicOccludee: 1
  m_MotionVectors: 1
  m_LightProbeUsage: 1
  m_ReflectionProbeUsage: 1
  m_Materials:
  - {fileID: 2100000, guid: e3c21ffe899514bd8870746feee49628, type: 2}
  m_StaticBatchInfo:
    firstSubMesh: 0
    subMeshCount: 0
  m_StaticBatchRoot: {fileID: 0}
  m_ProbeAnchor: {fileID: 0}
  m_LightProbeVolumeOverride: {fileID: 0}
  m_ScaleInLightmap: 1
  m_PreserveUVs: 0
  m_IgnoreNormalsForChartDetection: 0
  m_ImportantGI: 0
  m_StitchLightmapSeams: 0
  m_SelectedEditorRenderState: 3
  m_MinimumChartSize: 4
  m_AutoUVMaxDistance: 0.5
  m_AutoUVMaxAngle: 89
  m_LightmapParameters: {fileID: 0}
  m_SortingLayerID: 0
  m_SortingLayer: 0
  m_SortingOrder: 0
--- !u!33 &884942256
MeshFilter:
  m_ObjectHideFlags: 0
  m_PrefabParentObject: {fileID: 33201104447268530, guid: 8daf5d0ae7da1477b8782e942afb45d9,
    type: 2}
  m_PrefabInternal: {fileID: 0}
  m_GameObject: {fileID: 884942253}
  m_Mesh: {fileID: 4300000, guid: 3c66b355fdb144b8dabb5e4a3995e596, type: 3}
--- !u!1 &886746032
GameObject:
  m_ObjectHideFlags: 0
  m_PrefabParentObject: {fileID: 0}
  m_PrefabInternal: {fileID: 0}
  serializedVersion: 5
  m_Component:
  - component: {fileID: 886746033}
  m_Layer: 0
  m_Name: GameObject
  m_TagString: Untagged
  m_Icon: {fileID: 0}
  m_NavMeshLayer: 0
  m_StaticEditorFlags: 0
  m_IsActive: 1
--- !u!4 &886746033
Transform:
  m_ObjectHideFlags: 0
  m_PrefabParentObject: {fileID: 0}
  m_PrefabInternal: {fileID: 0}
  m_GameObject: {fileID: 886746032}
  m_LocalRotation: {x: 0, y: 0, z: 0, w: 1}
  m_LocalPosition: {x: 0, y: 0, z: 0}
  m_LocalScale: {x: 1, y: 1, z: 1}
  m_Children: []
  m_Father: {fileID: 308487876}
  m_RootOrder: 0
  m_LocalEulerAnglesHint: {x: 0, y: 0, z: 0}
--- !u!1 &887467698
GameObject:
  m_ObjectHideFlags: 0
  m_PrefabParentObject: {fileID: 1244160697390922, guid: 8daf5d0ae7da1477b8782e942afb45d9,
    type: 2}
  m_PrefabInternal: {fileID: 0}
  serializedVersion: 5
  m_Component:
  - component: {fileID: 887467699}
  m_Layer: 0
  m_Name: canon
  m_TagString: Untagged
  m_Icon: {fileID: 0}
  m_NavMeshLayer: 0
  m_StaticEditorFlags: 0
  m_IsActive: 1
--- !u!4 &887467699
Transform:
  m_ObjectHideFlags: 0
  m_PrefabParentObject: {fileID: 4599448472416808, guid: 8daf5d0ae7da1477b8782e942afb45d9,
    type: 2}
  m_PrefabInternal: {fileID: 0}
  m_GameObject: {fileID: 887467698}
  m_LocalRotation: {x: 0, y: -0, z: -0, w: 1}
  m_LocalPosition: {x: -0, y: 1.501, z: 0}
  m_LocalScale: {x: 1, y: 1, z: 1}
  m_Children:
  - {fileID: 1953920189}
  m_Father: {fileID: 527044856}
  m_RootOrder: 0
  m_LocalEulerAnglesHint: {x: 0, y: 0, z: 0}
--- !u!1 &947850952
GameObject:
  m_ObjectHideFlags: 0
  m_PrefabParentObject: {fileID: 1974078118644404, guid: 8daf5d0ae7da1477b8782e942afb45d9,
    type: 2}
  m_PrefabInternal: {fileID: 0}
  serializedVersion: 5
  m_Component:
  - component: {fileID: 947850953}
  - component: {fileID: 947850954}
  m_Layer: 0
  m_Name: wheelBackRight
  m_TagString: Untagged
  m_Icon: {fileID: 0}
  m_NavMeshLayer: 0
  m_StaticEditorFlags: 0
  m_IsActive: 1
--- !u!4 &947850953
Transform:
  m_ObjectHideFlags: 0
  m_PrefabParentObject: {fileID: 4691254783316770, guid: 8daf5d0ae7da1477b8782e942afb45d9,
    type: 2}
  m_PrefabInternal: {fileID: 0}
  m_GameObject: {fileID: 947850952}
  m_LocalRotation: {x: -0, y: -0, z: -0, w: 1}
  m_LocalPosition: {x: 1.7340012, y: 0.537, z: -0.79000014}
  m_LocalScale: {x: 1, y: 1, z: 1}
  m_Children:
  - {fileID: 1314323044}
  m_Father: {fileID: 436610134}
  m_RootOrder: 1
  m_LocalEulerAnglesHint: {x: 0, y: 0, z: 0}
--- !u!146 &947850954
WheelCollider:
  m_ObjectHideFlags: 0
  m_PrefabParentObject: {fileID: 146979105371834906, guid: 8daf5d0ae7da1477b8782e942afb45d9,
    type: 2}
  m_PrefabInternal: {fileID: 0}
  m_GameObject: {fileID: 947850952}
  m_Center: {x: 0, y: 0, z: 0}
  m_Radius: 0.4
  m_SuspensionSpring:
    spring: 35000
    damper: 4500
    targetPosition: 0.5
  m_SuspensionDistance: 0.3
  m_ForceAppPointDistance: 0
  m_Mass: 100
  m_WheelDampingRate: 0.25
  m_ForwardFriction:
    m_ExtremumSlip: 0.4
    m_ExtremumValue: 1
    m_AsymptoteSlip: 0.8
    m_AsymptoteValue: 0.5
    m_Stiffness: 1
  m_SidewaysFriction:
    m_ExtremumSlip: 0.2
    m_ExtremumValue: 1
    m_AsymptoteSlip: 0.5
    m_AsymptoteValue: 0.75
    m_Stiffness: 1
  m_Enabled: 1
--- !u!82 &956141065
AudioSource:
  m_ObjectHideFlags: 0
  m_PrefabParentObject: {fileID: 82694544408129554, guid: 8daf5d0ae7da1477b8782e942afb45d9,
    type: 2}
  m_PrefabInternal: {fileID: 0}
  m_GameObject: {fileID: 527044855}
  m_Enabled: 1
  serializedVersion: 4
  OutputAudioMixerGroup: {fileID: 0}
  m_audioClip: {fileID: 8300000, guid: 38ba946f2eace4f6780dcad68c26581f, type: 3}
  m_PlayOnAwake: 0
  m_Volume: 0.25
  m_Pitch: 1
  Loop: 0
  Mute: 0
  Spatialize: 0
  SpatializePostEffects: 0
  Priority: 128
  DopplerLevel: 1
  MinDistance: 1
  MaxDistance: 500
  Pan2D: 0
  rolloffMode: 0
  BypassEffects: 0
  BypassListenerEffects: 0
  BypassReverbZones: 0
  rolloffCustomCurve:
    serializedVersion: 2
    m_Curve:
    - serializedVersion: 2
      time: 0
      value: 1
      inSlope: 0
      outSlope: 0
      tangentMode: 0
    - serializedVersion: 2
      time: 1
      value: 0
      inSlope: 0
      outSlope: 0
      tangentMode: 0
    m_PreInfinity: 2
    m_PostInfinity: 2
    m_RotationOrder: 4
  panLevelCustomCurve:
    serializedVersion: 2
    m_Curve:
    - serializedVersion: 2
      time: 0
      value: 0
      inSlope: 0
      outSlope: 0
      tangentMode: 0
    m_PreInfinity: 2
    m_PostInfinity: 2
    m_RotationOrder: 0
  spreadCustomCurve:
    serializedVersion: 2
    m_Curve:
    - serializedVersion: 2
      time: 0
      value: 0
      inSlope: 0
      outSlope: 0
      tangentMode: 0
    m_PreInfinity: 2
    m_PostInfinity: 2
    m_RotationOrder: 4
  reverbZoneMixCustomCurve:
    serializedVersion: 2
    m_Curve:
    - serializedVersion: 2
      time: 0
      value: 1
      inSlope: 0
      outSlope: 0
      tangentMode: 0
    m_PreInfinity: 2
    m_PostInfinity: 2
    m_RotationOrder: 0
--- !u!1 &1041274029
GameObject:
  m_ObjectHideFlags: 0
  m_PrefabParentObject: {fileID: 1134230295874556, guid: 8daf5d0ae7da1477b8782e942afb45d9,
    type: 2}
  m_PrefabInternal: {fileID: 0}
  serializedVersion: 5
  m_Component:
  - component: {fileID: 1041274030}
  - component: {fileID: 1041274033}
  - component: {fileID: 1041274032}
  - component: {fileID: 1041274031}
  m_Layer: 5
  m_Name: RightPanel
  m_TagString: Untagged
  m_Icon: {fileID: 0}
  m_NavMeshLayer: 0
  m_StaticEditorFlags: 0
  m_IsActive: 1
--- !u!224 &1041274030
RectTransform:
  m_ObjectHideFlags: 0
  m_PrefabParentObject: {fileID: 224482087519272344, guid: 8daf5d0ae7da1477b8782e942afb45d9,
    type: 2}
  m_PrefabInternal: {fileID: 0}
  m_GameObject: {fileID: 1041274029}
  m_LocalRotation: {x: -0, y: -0, z: -0, w: 1}
  m_LocalPosition: {x: 0, y: 0, z: 0}
  m_LocalScale: {x: 1, y: 1, z: 1}
  m_Children:
  - {fileID: 1495539490}
  - {fileID: 716785769}
  m_Father: {fileID: 1787428616}
  m_RootOrder: 1
  m_LocalEulerAnglesHint: {x: 0, y: 0, z: 0}
  m_AnchorMin: {x: 0.65, y: 0.15}
  m_AnchorMax: {x: 1, y: 0.5}
  m_AnchoredPosition: {x: 0, y: 0}
  m_SizeDelta: {x: 0, y: 0}
  m_Pivot: {x: 0.5, y: 0.5}
--- !u!114 &1041274031
MonoBehaviour:
  m_ObjectHideFlags: 0
  m_PrefabParentObject: {fileID: 114068106989242302, guid: 8daf5d0ae7da1477b8782e942afb45d9,
    type: 2}
  m_PrefabInternal: {fileID: 0}
  m_GameObject: {fileID: 1041274029}
  m_Enabled: 1
  m_EditorHideFlags: 0
  m_Script: {fileID: 1297475563, guid: f70555f144d8491a825f0804e09c671c, type: 3}
  m_Name: 
  m_EditorClassIdentifier: 
  m_Padding:
    m_Left: 0
    m_Right: 0
    m_Top: 0
    m_Bottom: 0
  m_ChildAlignment: 0
  m_Spacing: 0
  m_ChildForceExpandWidth: 1
  m_ChildForceExpandHeight: 1
  m_ChildControlWidth: 0
  m_ChildControlHeight: 0
--- !u!114 &1041274032
MonoBehaviour:
  m_ObjectHideFlags: 0
  m_PrefabParentObject: {fileID: 114489460484584480, guid: 8daf5d0ae7da1477b8782e942afb45d9,
    type: 2}
  m_PrefabInternal: {fileID: 0}
  m_GameObject: {fileID: 1041274029}
  m_Enabled: 1
  m_EditorHideFlags: 0
  m_Script: {fileID: -765806418, guid: f70555f144d8491a825f0804e09c671c, type: 3}
  m_Name: 
  m_EditorClassIdentifier: 
  m_Material: {fileID: 0}
  m_Color: {r: 1, g: 1, b: 1, a: 0}
  m_RaycastTarget: 1
  m_OnCullStateChanged:
    m_PersistentCalls:
      m_Calls: []
    m_TypeName: UnityEngine.UI.MaskableGraphic+CullStateChangedEvent, UnityEngine.UI,
      Version=1.0.0.0, Culture=neutral, PublicKeyToken=null
  m_Sprite: {fileID: 0}
  m_Type: 1
  m_PreserveAspect: 0
  m_FillCenter: 1
  m_FillMethod: 4
  m_FillAmount: 1
  m_FillClockwise: 1
  m_FillOrigin: 0
--- !u!222 &1041274033
CanvasRenderer:
  m_ObjectHideFlags: 0
  m_PrefabParentObject: {fileID: 222972184729284508, guid: 8daf5d0ae7da1477b8782e942afb45d9,
    type: 2}
  m_PrefabInternal: {fileID: 0}
  m_GameObject: {fileID: 1041274029}
--- !u!1 &1179449849
GameObject:
  m_ObjectHideFlags: 0
  m_PrefabParentObject: {fileID: 1974078118644404, guid: 8daf5d0ae7da1477b8782e942afb45d9,
    type: 2}
  m_PrefabInternal: {fileID: 0}
  serializedVersion: 5
  m_Component:
  - component: {fileID: 1179449850}
  - component: {fileID: 1179449851}
  m_Layer: 0
  m_Name: wheelBackLeft
  m_TagString: Untagged
  m_Icon: {fileID: 0}
  m_NavMeshLayer: 0
  m_StaticEditorFlags: 0
  m_IsActive: 1
--- !u!4 &1179449850
Transform:
  m_ObjectHideFlags: 0
  m_PrefabParentObject: {fileID: 4691254783316770, guid: 8daf5d0ae7da1477b8782e942afb45d9,
    type: 2}
  m_PrefabInternal: {fileID: 0}
  m_GameObject: {fileID: 1179449849}
  m_LocalRotation: {x: -0, y: -0, z: -0, w: 1}
  m_LocalPosition: {x: -1.734001, y: 0.53699976, z: -0.79}
  m_LocalScale: {x: 1, y: 1, z: 1}
  m_Children: []
  m_Father: {fileID: 436610134}
  m_RootOrder: 4
  m_LocalEulerAnglesHint: {x: 0, y: 0, z: 0}
--- !u!146 &1179449851
WheelCollider:
  m_ObjectHideFlags: 0
  m_PrefabParentObject: {fileID: 146979105371834906, guid: 8daf5d0ae7da1477b8782e942afb45d9,
    type: 2}
  m_PrefabInternal: {fileID: 0}
  m_GameObject: {fileID: 1179449849}
  m_Center: {x: 0, y: 0, z: 0}
  m_Radius: 0.4
  m_SuspensionSpring:
    spring: 35000
    damper: 4500
    targetPosition: 0.5
  m_SuspensionDistance: 0.3
  m_ForceAppPointDistance: 0
  m_Mass: 100
  m_WheelDampingRate: 0.25
  m_ForwardFriction:
    m_ExtremumSlip: 0.4
    m_ExtremumValue: 1
    m_AsymptoteSlip: 0.8
    m_AsymptoteValue: 0.5
    m_Stiffness: 1
  m_SidewaysFriction:
    m_ExtremumSlip: 0.2
    m_ExtremumValue: 1
    m_AsymptoteSlip: 0.5
    m_AsymptoteValue: 0.75
    m_Stiffness: 1
  m_Enabled: 1
--- !u!1 &1181303306
GameObject:
  m_ObjectHideFlags: 0
  m_PrefabParentObject: {fileID: 0}
  m_PrefabInternal: {fileID: 0}
  serializedVersion: 5
  m_Component:
  - component: {fileID: 1181303309}
  - component: {fileID: 1181303308}
  - component: {fileID: 1181303307}
  m_Layer: 0
  m_Name: EventSystem
  m_TagString: Untagged
  m_Icon: {fileID: 0}
  m_NavMeshLayer: 0
  m_StaticEditorFlags: 0
  m_IsActive: 1
--- !u!114 &1181303307
MonoBehaviour:
  m_ObjectHideFlags: 0
  m_PrefabParentObject: {fileID: 0}
  m_PrefabInternal: {fileID: 0}
  m_GameObject: {fileID: 1181303306}
  m_Enabled: 1
  m_EditorHideFlags: 0
  m_Script: {fileID: 1077351063, guid: f70555f144d8491a825f0804e09c671c, type: 3}
  m_Name: 
  m_EditorClassIdentifier: 
  m_HorizontalAxis: Horizontal
  m_VerticalAxis: Vertical
  m_SubmitButton: Submit
  m_CancelButton: Cancel
  m_InputActionsPerSecond: 10
  m_RepeatDelay: 0.5
  m_ForceModuleActive: 0
--- !u!114 &1181303308
MonoBehaviour:
  m_ObjectHideFlags: 0
  m_PrefabParentObject: {fileID: 0}
  m_PrefabInternal: {fileID: 0}
  m_GameObject: {fileID: 1181303306}
  m_Enabled: 1
  m_EditorHideFlags: 0
  m_Script: {fileID: -619905303, guid: f70555f144d8491a825f0804e09c671c, type: 3}
  m_Name: 
  m_EditorClassIdentifier: 
  m_FirstSelected: {fileID: 0}
  m_sendNavigationEvents: 1
  m_DragThreshold: 5
--- !u!4 &1181303309
Transform:
  m_ObjectHideFlags: 0
  m_PrefabParentObject: {fileID: 0}
  m_PrefabInternal: {fileID: 0}
  m_GameObject: {fileID: 1181303306}
  m_LocalRotation: {x: 0, y: 0, z: 0, w: 1}
  m_LocalPosition: {x: 0, y: 0, z: 0}
  m_LocalScale: {x: 1, y: 1, z: 1}
  m_Children: []
  m_Father: {fileID: 0}
  m_RootOrder: 7
  m_LocalEulerAnglesHint: {x: 0, y: 0, z: 0}
--- !u!1 &1228441603
GameObject:
  m_ObjectHideFlags: 0
  m_PrefabParentObject: {fileID: 1522846375039190, guid: 8daf5d0ae7da1477b8782e942afb45d9,
    type: 2}
  m_PrefabInternal: {fileID: 0}
  serializedVersion: 5
  m_Component:
  - component: {fileID: 1228441604}
  - component: {fileID: 1228441606}
  - component: {fileID: 1228441605}
  m_Layer: 5
  m_Name: LifeValue
  m_TagString: Untagged
  m_Icon: {fileID: 0}
  m_NavMeshLayer: 0
  m_StaticEditorFlags: 0
  m_IsActive: 1
--- !u!224 &1228441604
RectTransform:
  m_ObjectHideFlags: 0
  m_PrefabParentObject: {fileID: 224200728276342840, guid: 8daf5d0ae7da1477b8782e942afb45d9,
    type: 2}
  m_PrefabInternal: {fileID: 0}
  m_GameObject: {fileID: 1228441603}
  m_LocalRotation: {x: -0, y: -0, z: -0, w: 1}
  m_LocalPosition: {x: 0, y: 0, z: 0}
  m_LocalScale: {x: 1, y: 1, z: 1}
  m_Children: []
  m_Father: {fileID: 1342614615}
  m_RootOrder: 1
  m_LocalEulerAnglesHint: {x: 0, y: 0, z: 0}
  m_AnchorMin: {x: 0, y: 0}
  m_AnchorMax: {x: 0, y: 0}
  m_AnchoredPosition: {x: 0, y: 0}
  m_SizeDelta: {x: 3.5, y: 0.75}
  m_Pivot: {x: 0.5, y: 0.5}
--- !u!114 &1228441605
MonoBehaviour:
  m_ObjectHideFlags: 0
  m_PrefabParentObject: {fileID: 114988013638451588, guid: 8daf5d0ae7da1477b8782e942afb45d9,
    type: 2}
  m_PrefabInternal: {fileID: 0}
  m_GameObject: {fileID: 1228441603}
  m_Enabled: 1
  m_EditorHideFlags: 0
  m_Script: {fileID: 708705254, guid: f5f67c52d1564df4a8936ccd202a3bd8, type: 3}
  m_Name: 
  m_EditorClassIdentifier: 
  m_Material: {fileID: 0}
  m_Color: {r: 1, g: 1, b: 1, a: 1}
  m_RaycastTarget: 1
  m_OnCullStateChanged:
    m_PersistentCalls:
      m_Calls: []
    m_TypeName: UnityEngine.UI.MaskableGraphic+CullStateChangedEvent, UnityEngine.UI,
      Version=1.0.0.0, Culture=neutral, PublicKeyToken=null
  m_FontData:
    m_Font: {fileID: 12800000, guid: 5d0dc4817a9254200847b0755090ba5c, type: 3}
    m_FontSize: 10
    m_FontStyle: 0
    m_BestFit: 0
    m_MinSize: 0
    m_MaxSize: 300
    m_Alignment: 4
    m_AlignByGeometry: 0
    m_RichText: 1
    m_HorizontalOverflow: 1
    m_VerticalOverflow: 1
    m_LineSpacing: 1
  m_Text: 100
--- !u!222 &1228441606
CanvasRenderer:
  m_ObjectHideFlags: 0
  m_PrefabParentObject: {fileID: 222600041470108474, guid: 8daf5d0ae7da1477b8782e942afb45d9,
    type: 2}
  m_PrefabInternal: {fileID: 0}
  m_GameObject: {fileID: 1228441603}
--- !u!1 &1268401094
GameObject:
  m_ObjectHideFlags: 0
  m_PrefabParentObject: {fileID: 0}
  m_PrefabInternal: {fileID: 0}
  serializedVersion: 5
  m_Component:
  - component: {fileID: 1268401096}
  - component: {fileID: 1268401095}
  - component: {fileID: 1268401097}
  m_Layer: 0
  m_Name: SoundManager
  m_TagString: Untagged
  m_Icon: {fileID: 0}
  m_NavMeshLayer: 0
  m_StaticEditorFlags: 0
  m_IsActive: 1
--- !u!114 &1268401095
MonoBehaviour:
  m_ObjectHideFlags: 0
  m_PrefabParentObject: {fileID: 0}
  m_PrefabInternal: {fileID: 0}
  m_GameObject: {fileID: 1268401094}
  m_Enabled: 1
  m_EditorHideFlags: 0
  m_Script: {fileID: 11500000, guid: f56e534346b1741d4b3af2d6cb746cd8, type: 3}
  m_Name: 
  m_EditorClassIdentifier: 
--- !u!4 &1268401096
Transform:
  m_ObjectHideFlags: 0
  m_PrefabParentObject: {fileID: 0}
  m_PrefabInternal: {fileID: 0}
  m_GameObject: {fileID: 1268401094}
  m_LocalRotation: {x: 0, y: 0, z: 0, w: 1}
  m_LocalPosition: {x: 0, y: 0, z: 0}
  m_LocalScale: {x: 1, y: 1, z: 1}
  m_Children: []
  m_Father: {fileID: 0}
  m_RootOrder: 6
  m_LocalEulerAnglesHint: {x: 0, y: 0, z: 0}
--- !u!82 &1268401097
AudioSource:
  m_ObjectHideFlags: 0
  m_PrefabParentObject: {fileID: 0}
  m_PrefabInternal: {fileID: 0}
  m_GameObject: {fileID: 1268401094}
  m_Enabled: 1
  serializedVersion: 4
  OutputAudioMixerGroup: {fileID: 0}
  m_audioClip: {fileID: 8300000, guid: 849499fe474104be897295a49a5846b0, type: 3}
  m_PlayOnAwake: 1
  m_Volume: 0.5
  m_Pitch: 1
  Loop: 0
  Mute: 0
  Spatialize: 0
  SpatializePostEffects: 0
  Priority: 0
  DopplerLevel: 1
  MinDistance: 1
  MaxDistance: 500
  Pan2D: 0
  rolloffMode: 0
  BypassEffects: 0
  BypassListenerEffects: 0
  BypassReverbZones: 0
  rolloffCustomCurve:
    serializedVersion: 2
    m_Curve:
    - serializedVersion: 2
      time: 0
      value: 1
      inSlope: 0
      outSlope: 0
      tangentMode: 0
    - serializedVersion: 2
      time: 1
      value: 0
      inSlope: 0
      outSlope: 0
      tangentMode: 0
    m_PreInfinity: 2
    m_PostInfinity: 2
    m_RotationOrder: 4
  panLevelCustomCurve:
    serializedVersion: 2
    m_Curve:
    - serializedVersion: 2
      time: 0
      value: 0
      inSlope: 0
      outSlope: 0
      tangentMode: 0
    m_PreInfinity: 2
    m_PostInfinity: 2
    m_RotationOrder: 0
  spreadCustomCurve:
    serializedVersion: 2
    m_Curve:
    - serializedVersion: 2
      time: 0
      value: 0
      inSlope: 0
      outSlope: 0
      tangentMode: 0
    m_PreInfinity: 2
    m_PostInfinity: 2
    m_RotationOrder: 4
  reverbZoneMixCustomCurve:
    serializedVersion: 2
    m_Curve:
    - serializedVersion: 2
      time: 0
      value: 1
      inSlope: 0
      outSlope: 0
      tangentMode: 0
    m_PreInfinity: 2
    m_PostInfinity: 2
    m_RotationOrder: 0
--- !u!1 &1314323043
GameObject:
  m_ObjectHideFlags: 0
  m_PrefabParentObject: {fileID: 0}
  m_PrefabInternal: {fileID: 0}
  serializedVersion: 5
  m_Component:
  - component: {fileID: 1314323044}
  m_Layer: 0
  m_Name: GameObject
  m_TagString: Untagged
  m_Icon: {fileID: 0}
  m_NavMeshLayer: 0
  m_StaticEditorFlags: 0
  m_IsActive: 1
--- !u!4 &1314323044
Transform:
  m_ObjectHideFlags: 0
  m_PrefabParentObject: {fileID: 0}
  m_PrefabInternal: {fileID: 0}
  m_GameObject: {fileID: 1314323043}
  m_LocalRotation: {x: 0, y: 0, z: 0, w: 1}
  m_LocalPosition: {x: 0, y: 0, z: 0}
  m_LocalScale: {x: 1, y: 1, z: 1}
  m_Children: []
  m_Father: {fileID: 947850953}
  m_RootOrder: 0
  m_LocalEulerAnglesHint: {x: 0, y: 0, z: 0}
--- !u!1 &1342614614
GameObject:
  m_ObjectHideFlags: 0
  m_PrefabParentObject: {fileID: 1626353645687994, guid: 8daf5d0ae7da1477b8782e942afb45d9,
    type: 2}
  m_PrefabInternal: {fileID: 0}
  serializedVersion: 5
  m_Component:
  - component: {fileID: 1342614615}
  - component: {fileID: 1342614618}
  - component: {fileID: 1342614617}
  - component: {fileID: 1342614616}
  m_Layer: 5
  m_Name: LeftPanel
  m_TagString: Untagged
  m_Icon: {fileID: 0}
  m_NavMeshLayer: 0
  m_StaticEditorFlags: 0
  m_IsActive: 1
--- !u!224 &1342614615
RectTransform:
  m_ObjectHideFlags: 0
  m_PrefabParentObject: {fileID: 224819664798494276, guid: 8daf5d0ae7da1477b8782e942afb45d9,
    type: 2}
  m_PrefabInternal: {fileID: 0}
  m_GameObject: {fileID: 1342614614}
  m_LocalRotation: {x: 0, y: 0, z: 0, w: 1}
  m_LocalPosition: {x: 0, y: 0, z: 0}
  m_LocalScale: {x: 1, y: 1, z: 1}
  m_Children:
  - {fileID: 690119493}
  - {fileID: 1228441604}
  m_Father: {fileID: 1787428616}
  m_RootOrder: 0
  m_LocalEulerAnglesHint: {x: 0, y: 0, z: 0}
  m_AnchorMin: {x: 0, y: 0.15}
  m_AnchorMax: {x: 0.35, y: 0.5}
  m_AnchoredPosition: {x: 0, y: 0}
  m_SizeDelta: {x: 0, y: 0}
  m_Pivot: {x: 0.5, y: 0.5}
--- !u!114 &1342614616
MonoBehaviour:
  m_ObjectHideFlags: 0
  m_PrefabParentObject: {fileID: 114821995793927034, guid: 8daf5d0ae7da1477b8782e942afb45d9,
    type: 2}
  m_PrefabInternal: {fileID: 0}
  m_GameObject: {fileID: 1342614614}
  m_Enabled: 1
  m_EditorHideFlags: 0
  m_Script: {fileID: 1297475563, guid: f70555f144d8491a825f0804e09c671c, type: 3}
  m_Name: 
  m_EditorClassIdentifier: 
  m_Padding:
    m_Left: 0
    m_Right: 0
    m_Top: 0
    m_Bottom: 0
  m_ChildAlignment: 0
  m_Spacing: 0
  m_ChildForceExpandWidth: 1
  m_ChildForceExpandHeight: 1
  m_ChildControlWidth: 0
  m_ChildControlHeight: 0
--- !u!114 &1342614617
MonoBehaviour:
  m_ObjectHideFlags: 0
  m_PrefabParentObject: {fileID: 114065364739211978, guid: 8daf5d0ae7da1477b8782e942afb45d9,
    type: 2}
  m_PrefabInternal: {fileID: 0}
  m_GameObject: {fileID: 1342614614}
  m_Enabled: 1
  m_EditorHideFlags: 0
  m_Script: {fileID: -765806418, guid: f70555f144d8491a825f0804e09c671c, type: 3}
  m_Name: 
  m_EditorClassIdentifier: 
  m_Material: {fileID: 0}
  m_Color: {r: 1, g: 1, b: 1, a: 0}
  m_RaycastTarget: 1
  m_OnCullStateChanged:
    m_PersistentCalls:
      m_Calls: []
    m_TypeName: UnityEngine.UI.MaskableGraphic+CullStateChangedEvent, UnityEngine.UI,
      Version=1.0.0.0, Culture=neutral, PublicKeyToken=null
  m_Sprite: {fileID: 0}
  m_Type: 1
  m_PreserveAspect: 0
  m_FillCenter: 1
  m_FillMethod: 4
  m_FillAmount: 1
  m_FillClockwise: 1
  m_FillOrigin: 0
--- !u!222 &1342614618
CanvasRenderer:
  m_ObjectHideFlags: 0
  m_PrefabParentObject: {fileID: 222318707483746636, guid: 8daf5d0ae7da1477b8782e942afb45d9,
    type: 2}
  m_PrefabInternal: {fileID: 0}
  m_GameObject: {fileID: 1342614614}
--- !u!1 &1372871331
GameObject:
  m_ObjectHideFlags: 0
  m_PrefabParentObject: {fileID: 1804246741017064, guid: 8daf5d0ae7da1477b8782e942afb45d9,
    type: 2}
  m_PrefabInternal: {fileID: 0}
  serializedVersion: 5
  m_Component:
  - component: {fileID: 1372871332}
  - component: {fileID: 1372871333}
  m_Layer: 0
  m_Name: wheelMiddleRight
  m_TagString: Untagged
  m_Icon: {fileID: 0}
  m_NavMeshLayer: 0
  m_StaticEditorFlags: 0
  m_IsActive: 1
--- !u!4 &1372871332
Transform:
  m_ObjectHideFlags: 0
  m_PrefabParentObject: {fileID: 4615318713043764, guid: 8daf5d0ae7da1477b8782e942afb45d9,
    type: 2}
  m_PrefabInternal: {fileID: 0}
  m_GameObject: {fileID: 1372871331}
  m_LocalRotation: {x: -0, y: -0, z: -0, w: 1}
  m_LocalPosition: {x: 1.7340012, y: 0.53699785, z: 0.105}
  m_LocalScale: {x: 1, y: 1, z: 1}
  m_Children:
  - {fileID: 1800506167}
  m_Father: {fileID: 436610134}
  m_RootOrder: 2
  m_LocalEulerAnglesHint: {x: 0, y: 0, z: 0}
--- !u!146 &1372871333
WheelCollider:
  m_ObjectHideFlags: 0
  m_PrefabParentObject: {fileID: 146020275095970326, guid: 8daf5d0ae7da1477b8782e942afb45d9,
    type: 2}
  m_PrefabInternal: {fileID: 0}
  m_GameObject: {fileID: 1372871331}
  m_Center: {x: 0, y: 0, z: 0}
  m_Radius: 0.4
  m_SuspensionSpring:
    spring: 35000
    damper: 4500
    targetPosition: 0.5
  m_SuspensionDistance: 0.3
  m_ForceAppPointDistance: 0
  m_Mass: 100
  m_WheelDampingRate: 0.25
  m_ForwardFriction:
    m_ExtremumSlip: 0.4
    m_ExtremumValue: 1
    m_AsymptoteSlip: 0.8
    m_AsymptoteValue: 0.5
    m_Stiffness: 1
  m_SidewaysFriction:
    m_ExtremumSlip: 0.2
    m_ExtremumValue: 1
    m_AsymptoteSlip: 0.5
    m_AsymptoteValue: 0.75
    m_Stiffness: 1
  m_Enabled: 1
--- !u!1 &1495539489
GameObject:
  m_ObjectHideFlags: 0
  m_PrefabParentObject: {fileID: 1395681429553052, guid: 8daf5d0ae7da1477b8782e942afb45d9,
    type: 2}
  m_PrefabInternal: {fileID: 0}
  serializedVersion: 5
  m_Component:
  - component: {fileID: 1495539490}
  - component: {fileID: 1495539492}
  - component: {fileID: 1495539491}
  m_Layer: 5
  m_Name: AmmoLabel
  m_TagString: Untagged
  m_Icon: {fileID: 0}
  m_NavMeshLayer: 0
  m_StaticEditorFlags: 0
  m_IsActive: 1
--- !u!224 &1495539490
RectTransform:
  m_ObjectHideFlags: 0
  m_PrefabParentObject: {fileID: 224324845048221414, guid: 8daf5d0ae7da1477b8782e942afb45d9,
    type: 2}
  m_PrefabInternal: {fileID: 0}
  m_GameObject: {fileID: 1495539489}
  m_LocalRotation: {x: -0, y: -0, z: -0, w: 1}
  m_LocalPosition: {x: 0, y: 0, z: -0}
  m_LocalScale: {x: 1, y: 1, z: 1}
  m_Children: []
  m_Father: {fileID: 1041274030}
  m_RootOrder: 0
  m_LocalEulerAnglesHint: {x: 0, y: 0, z: 0}
  m_AnchorMin: {x: 0, y: 0}
  m_AnchorMax: {x: 0, y: 0}
  m_AnchoredPosition: {x: 0, y: 0}
  m_SizeDelta: {x: 3.5, y: 0.75}
  m_Pivot: {x: 0.5, y: 0.5}
--- !u!114 &1495539491
MonoBehaviour:
  m_ObjectHideFlags: 0
  m_PrefabParentObject: {fileID: 114587128077278706, guid: 8daf5d0ae7da1477b8782e942afb45d9,
    type: 2}
  m_PrefabInternal: {fileID: 0}
  m_GameObject: {fileID: 1495539489}
  m_Enabled: 1
  m_EditorHideFlags: 0
  m_Script: {fileID: 708705254, guid: f5f67c52d1564df4a8936ccd202a3bd8, type: 3}
  m_Name: 
  m_EditorClassIdentifier: 
  m_Material: {fileID: 0}
  m_Color: {r: 1, g: 1, b: 1, a: 1}
  m_RaycastTarget: 1
  m_OnCullStateChanged:
    m_PersistentCalls:
      m_Calls: []
    m_TypeName: UnityEngine.UI.MaskableGraphic+CullStateChangedEvent, UnityEngine.UI,
      Version=1.0.0.0, Culture=neutral, PublicKeyToken=null
  m_FontData:
    m_Font: {fileID: 12800000, guid: 5d0dc4817a9254200847b0755090ba5c, type: 3}
    m_FontSize: 7
    m_FontStyle: 0
    m_BestFit: 0
    m_MinSize: 0
    m_MaxSize: 144
    m_Alignment: 4
    m_AlignByGeometry: 0
    m_RichText: 1
    m_HorizontalOverflow: 1
    m_VerticalOverflow: 1
    m_LineSpacing: 1
  m_Text: Ammo
--- !u!222 &1495539492
CanvasRenderer:
  m_ObjectHideFlags: 0
  m_PrefabParentObject: {fileID: 222210133520122348, guid: 8daf5d0ae7da1477b8782e942afb45d9,
    type: 2}
  m_PrefabInternal: {fileID: 0}
  m_GameObject: {fileID: 1495539489}
--- !u!1 &1730441250
GameObject:
  m_ObjectHideFlags: 0
  m_PrefabParentObject: {fileID: 0}
  m_PrefabInternal: {fileID: 0}
  serializedVersion: 5
  m_Component:
  - component: {fileID: 1730441252}
  - component: {fileID: 1730441251}
  m_Layer: 0
  m_Name: GameManager
  m_TagString: Untagged
  m_Icon: {fileID: 0}
  m_NavMeshLayer: 0
  m_StaticEditorFlags: 0
  m_IsActive: 1
--- !u!114 &1730441251
MonoBehaviour:
  m_ObjectHideFlags: 0
  m_PrefabParentObject: {fileID: 0}
  m_PrefabInternal: {fileID: 0}
  m_GameObject: {fileID: 1730441250}
  m_Enabled: 1
  m_EditorHideFlags: 0
  m_Script: {fileID: 11500000, guid: 5e69390021825488db97420f8083581d, type: 3}
  m_Name: 
  m_EditorClassIdentifier: 
  playerTank: {fileID: 527044855}
--- !u!4 &1730441252
Transform:
  m_ObjectHideFlags: 0
  m_PrefabParentObject: {fileID: 0}
  m_PrefabInternal: {fileID: 0}
  m_GameObject: {fileID: 1730441250}
  m_LocalRotation: {x: -0, y: -0, z: -0, w: 1}
  m_LocalPosition: {x: 0, y: 0, z: 0}
  m_LocalScale: {x: 1, y: 1, z: 1}
  m_Children: []
  m_Father: {fileID: 0}
  m_RootOrder: 9
  m_LocalEulerAnglesHint: {x: 0, y: 0, z: 0}
--- !u!1 &1731930958
GameObject:
  m_ObjectHideFlags: 0
  m_PrefabParentObject: {fileID: 0}
  m_PrefabInternal: {fileID: 0}
  serializedVersion: 5
  m_Component:
  - component: {fileID: 1731930959}
  - component: {fileID: 1731930961}
  - component: {fileID: 1731930960}
  m_Layer: 5
  m_Name: Panel
  m_TagString: Untagged
  m_Icon: {fileID: 0}
  m_NavMeshLayer: 0
  m_StaticEditorFlags: 0
  m_IsActive: 1
--- !u!224 &1731930959
RectTransform:
  m_ObjectHideFlags: 0
  m_PrefabParentObject: {fileID: 0}
  m_PrefabInternal: {fileID: 0}
  m_GameObject: {fileID: 1731930958}
  m_LocalRotation: {x: 0, y: 0, z: 0, w: 1}
  m_LocalPosition: {x: 0, y: 0, z: 0}
  m_LocalScale: {x: 1, y: 1, z: 1}
  m_Children:
  - {fileID: 743404405}
  m_Father: {fileID: 1885476809}
  m_RootOrder: 0
  m_LocalEulerAnglesHint: {x: 0, y: 0, z: 0}
  m_AnchorMin: {x: 0, y: 0}
  m_AnchorMax: {x: 1, y: 1}
  m_AnchoredPosition: {x: 0, y: 0}
  m_SizeDelta: {x: 0, y: 0}
  m_Pivot: {x: 0.5, y: 0.5}
--- !u!114 &1731930960
MonoBehaviour:
  m_ObjectHideFlags: 0
  m_PrefabParentObject: {fileID: 0}
  m_PrefabInternal: {fileID: 0}
  m_GameObject: {fileID: 1731930958}
  m_Enabled: 1
  m_EditorHideFlags: 0
  m_Script: {fileID: -765806418, guid: f70555f144d8491a825f0804e09c671c, type: 3}
  m_Name: 
  m_EditorClassIdentifier: 
  m_Material: {fileID: 0}
  m_Color: {r: 1, g: 1, b: 1, a: 0}
  m_RaycastTarget: 1
  m_OnCullStateChanged:
    m_PersistentCalls:
      m_Calls: []
    m_TypeName: UnityEngine.UI.MaskableGraphic+CullStateChangedEvent, UnityEngine.UI,
      Version=1.0.0.0, Culture=neutral, PublicKeyToken=null
  m_Sprite: {fileID: 0}
  m_Type: 1
  m_PreserveAspect: 0
  m_FillCenter: 1
  m_FillMethod: 4
  m_FillAmount: 1
  m_FillClockwise: 1
  m_FillOrigin: 0
--- !u!222 &1731930961
CanvasRenderer:
  m_ObjectHideFlags: 0
  m_PrefabParentObject: {fileID: 0}
  m_PrefabInternal: {fileID: 0}
  m_GameObject: {fileID: 1731930958}
--- !u!1 &1787428615
GameObject:
  m_ObjectHideFlags: 0
  m_PrefabParentObject: {fileID: 1061714690343004, guid: 8daf5d0ae7da1477b8782e942afb45d9,
    type: 2}
  m_PrefabInternal: {fileID: 0}
  serializedVersion: 5
  m_Component:
  - component: {fileID: 1787428616}
  - component: {fileID: 1787428619}
  - component: {fileID: 1787428618}
  - component: {fileID: 1787428617}
  m_Layer: 5
  m_Name: Canvas
  m_TagString: Untagged
  m_Icon: {fileID: 0}
  m_NavMeshLayer: 0
  m_StaticEditorFlags: 0
  m_IsActive: 1
--- !u!224 &1787428616
RectTransform:
  m_ObjectHideFlags: 0
  m_PrefabParentObject: {fileID: 224030063950982314, guid: 8daf5d0ae7da1477b8782e942afb45d9,
    type: 2}
  m_PrefabInternal: {fileID: 0}
  m_GameObject: {fileID: 1787428615}
  m_LocalRotation: {x: -0, y: 0, z: -0, w: 1}
  m_LocalPosition: {x: 0, y: 0, z: 0}
  m_LocalScale: {x: 1, y: 1, z: 1}
  m_Children:
  - {fileID: 1342614615}
  - {fileID: 1041274030}
  m_Father: {fileID: 527044856}
  m_RootOrder: 3
  m_LocalEulerAnglesHint: {x: 0, y: 0, z: 0}
  m_AnchorMin: {x: 0, y: 0}
  m_AnchorMax: {x: 0, y: 0}
  m_AnchoredPosition: {x: 0, y: 2.5}
  m_SizeDelta: {x: 10, y: 5}
  m_Pivot: {x: 0.5, y: 0.5}
--- !u!114 &1787428617
MonoBehaviour:
  m_ObjectHideFlags: 0
  m_PrefabParentObject: {fileID: 114166252863334560, guid: 8daf5d0ae7da1477b8782e942afb45d9,
    type: 2}
  m_PrefabInternal: {fileID: 0}
  m_GameObject: {fileID: 1787428615}
  m_Enabled: 1
  m_EditorHideFlags: 0
  m_Script: {fileID: 1301386320, guid: f70555f144d8491a825f0804e09c671c, type: 3}
  m_Name: 
  m_EditorClassIdentifier: 
  m_IgnoreReversedGraphics: 1
  m_BlockingObjects: 0
  m_BlockingMask:
    serializedVersion: 2
    m_Bits: 4294967295
--- !u!114 &1787428618
MonoBehaviour:
  m_ObjectHideFlags: 0
  m_PrefabParentObject: {fileID: 114477602911867770, guid: 8daf5d0ae7da1477b8782e942afb45d9,
    type: 2}
  m_PrefabInternal: {fileID: 0}
  m_GameObject: {fileID: 1787428615}
  m_Enabled: 1
  m_EditorHideFlags: 0
  m_Script: {fileID: 1980459831, guid: f70555f144d8491a825f0804e09c671c, type: 3}
  m_Name: 
  m_EditorClassIdentifier: 
  m_UiScaleMode: 0
  m_ReferencePixelsPerUnit: 1
  m_ScaleFactor: 1
  m_ReferenceResolution: {x: 800, y: 600}
  m_ScreenMatchMode: 0
  m_MatchWidthOrHeight: 0
  m_PhysicalUnit: 3
  m_FallbackScreenDPI: 96
  m_DefaultSpriteDPI: 96
  m_DynamicPixelsPerUnit: 1000
--- !u!223 &1787428619
Canvas:
  m_ObjectHideFlags: 0
  m_PrefabParentObject: {fileID: 223141147889868742, guid: 8daf5d0ae7da1477b8782e942afb45d9,
    type: 2}
  m_PrefabInternal: {fileID: 0}
  m_GameObject: {fileID: 1787428615}
  m_Enabled: 1
  serializedVersion: 3
  m_RenderMode: 2
  m_Camera: {fileID: 1989725469}
  m_PlaneDistance: 100
  m_PixelPerfect: 0
  m_ReceivesEvents: 1
  m_OverrideSorting: 0
  m_OverridePixelPerfect: 0
  m_SortingBucketNormalizedSize: 0
  m_AdditionalShaderChannelsFlag: 0
  m_SortingLayerID: 0
  m_SortingOrder: 0
  m_TargetDisplay: 0
--- !u!1 &1800506166
GameObject:
  m_ObjectHideFlags: 0
  m_PrefabParentObject: {fileID: 0}
  m_PrefabInternal: {fileID: 0}
  serializedVersion: 5
  m_Component:
  - component: {fileID: 1800506167}
  m_Layer: 0
  m_Name: GameObject
  m_TagString: Untagged
  m_Icon: {fileID: 0}
  m_NavMeshLayer: 0
  m_StaticEditorFlags: 0
  m_IsActive: 1
--- !u!4 &1800506167
Transform:
  m_ObjectHideFlags: 0
  m_PrefabParentObject: {fileID: 0}
  m_PrefabInternal: {fileID: 0}
  m_GameObject: {fileID: 1800506166}
  m_LocalRotation: {x: 0, y: 0, z: 0, w: 1}
  m_LocalPosition: {x: 0, y: 0, z: 0}
  m_LocalScale: {x: 1, y: 1, z: 1}
  m_Children: []
  m_Father: {fileID: 1372871332}
  m_RootOrder: 0
  m_LocalEulerAnglesHint: {x: 0, y: 0, z: 0}
--- !u!1 &1885476805
GameObject:
  m_ObjectHideFlags: 0
  m_PrefabParentObject: {fileID: 0}
  m_PrefabInternal: {fileID: 0}
  serializedVersion: 5
  m_Component:
  - component: {fileID: 1885476809}
  - component: {fileID: 1885476808}
  - component: {fileID: 1885476807}
  - component: {fileID: 1885476806}
  m_Layer: 5
  m_Name: Canvas
  m_TagString: Untagged
  m_Icon: {fileID: 0}
  m_NavMeshLayer: 0
  m_StaticEditorFlags: 0
  m_IsActive: 1
--- !u!114 &1885476806
MonoBehaviour:
  m_ObjectHideFlags: 0
  m_PrefabParentObject: {fileID: 0}
  m_PrefabInternal: {fileID: 0}
  m_GameObject: {fileID: 1885476805}
  m_Enabled: 1
  m_EditorHideFlags: 0
  m_Script: {fileID: 1301386320, guid: f70555f144d8491a825f0804e09c671c, type: 3}
  m_Name: 
  m_EditorClassIdentifier: 
  m_IgnoreReversedGraphics: 1
  m_BlockingObjects: 0
  m_BlockingMask:
    serializedVersion: 2
    m_Bits: 4294967295
--- !u!114 &1885476807
MonoBehaviour:
  m_ObjectHideFlags: 0
  m_PrefabParentObject: {fileID: 0}
  m_PrefabInternal: {fileID: 0}
  m_GameObject: {fileID: 1885476805}
  m_Enabled: 1
  m_EditorHideFlags: 0
  m_Script: {fileID: 1980459831, guid: f70555f144d8491a825f0804e09c671c, type: 3}
  m_Name: 
  m_EditorClassIdentifier: 
  m_UiScaleMode: 0
  m_ReferencePixelsPerUnit: 100
  m_ScaleFactor: 1
  m_ReferenceResolution: {x: 800, y: 600}
  m_ScreenMatchMode: 0
  m_MatchWidthOrHeight: 0
  m_PhysicalUnit: 3
  m_FallbackScreenDPI: 96
  m_DefaultSpriteDPI: 96
  m_DynamicPixelsPerUnit: 1
--- !u!223 &1885476808
Canvas:
  m_ObjectHideFlags: 0
  m_PrefabParentObject: {fileID: 0}
  m_PrefabInternal: {fileID: 0}
  m_GameObject: {fileID: 1885476805}
  m_Enabled: 1
  serializedVersion: 3
  m_RenderMode: 0
  m_Camera: {fileID: 0}
  m_PlaneDistance: 100
  m_PixelPerfect: 0
  m_ReceivesEvents: 1
  m_OverrideSorting: 0
  m_OverridePixelPerfect: 0
  m_SortingBucketNormalizedSize: 0
  m_AdditionalShaderChannelsFlag: 0
  m_SortingLayerID: 0
  m_SortingOrder: 0
  m_TargetDisplay: 0
--- !u!224 &1885476809
RectTransform:
  m_ObjectHideFlags: 0
  m_PrefabParentObject: {fileID: 0}
  m_PrefabInternal: {fileID: 0}
  m_GameObject: {fileID: 1885476805}
  m_LocalRotation: {x: 0, y: 0, z: 0, w: 1}
  m_LocalPosition: {x: 0, y: 0, z: 0}
  m_LocalScale: {x: 0, y: 0, z: 0}
  m_Children:
  - {fileID: 1731930959}
  m_Father: {fileID: 0}
  m_RootOrder: 8
  m_LocalEulerAnglesHint: {x: 0, y: 0, z: 0}
  m_AnchorMin: {x: 0, y: 0}
  m_AnchorMax: {x: 0, y: 0}
  m_AnchoredPosition: {x: 0, y: 0}
  m_SizeDelta: {x: 0, y: 0}
  m_Pivot: {x: 0, y: 0}
--- !u!1001 &1900793148
Prefab:
  m_ObjectHideFlags: 0
  serializedVersion: 2
  m_Modification:
    m_TransformParent: {fileID: 0}
    m_Modifications:
    - target: {fileID: 4894957667442236, guid: ec566e455116158479636461f6a8decb, type: 2}
      propertyPath: m_LocalPosition.x
      value: 25.8
      objectReference: {fileID: 0}
    - target: {fileID: 4894957667442236, guid: ec566e455116158479636461f6a8decb, type: 2}
      propertyPath: m_LocalPosition.y
      value: 30.036362
      objectReference: {fileID: 0}
    - target: {fileID: 4894957667442236, guid: ec566e455116158479636461f6a8decb, type: 2}
      propertyPath: m_LocalPosition.z
      value: 153.4
      objectReference: {fileID: 0}
    - target: {fileID: 4894957667442236, guid: ec566e455116158479636461f6a8decb, type: 2}
      propertyPath: m_LocalRotation.x
      value: 0
      objectReference: {fileID: 0}
    - target: {fileID: 4894957667442236, guid: ec566e455116158479636461f6a8decb, type: 2}
      propertyPath: m_LocalRotation.y
      value: -0
      objectReference: {fileID: 0}
    - target: {fileID: 4894957667442236, guid: ec566e455116158479636461f6a8decb, type: 2}
      propertyPath: m_LocalRotation.z
      value: -0
      objectReference: {fileID: 0}
    - target: {fileID: 4894957667442236, guid: ec566e455116158479636461f6a8decb, type: 2}
      propertyPath: m_LocalRotation.w
      value: 1
      objectReference: {fileID: 0}
    - target: {fileID: 4894957667442236, guid: ec566e455116158479636461f6a8decb, type: 2}
      propertyPath: m_RootOrder
      value: 2
      objectReference: {fileID: 0}
    - target: {fileID: 1381644363605604, guid: ec566e455116158479636461f6a8decb, type: 2}
      propertyPath: m_IsActive
      value: 1
      objectReference: {fileID: 0}
    - target: {fileID: 224384555563207622, guid: ec566e455116158479636461f6a8decb,
        type: 2}
      propertyPath: m_AnchorMax.x
      value: 1
      objectReference: {fileID: 0}
    - target: {fileID: 224384555563207622, guid: ec566e455116158479636461f6a8decb,
        type: 2}
      propertyPath: m_AnchorMax.y
      value: 1
      objectReference: {fileID: 0}
    m_RemovedComponents: []
  m_ParentPrefab: {fileID: 100100000, guid: ec566e455116158479636461f6a8decb, type: 2}
  m_IsPrefabParent: 0
--- !u!1001 &1953483115
Prefab:
  m_ObjectHideFlags: 0
  serializedVersion: 2
  m_Modification:
    m_TransformParent: {fileID: 0}
    m_Modifications:
    - target: {fileID: 4894957667442236, guid: ec566e455116158479636461f6a8decb, type: 2}
      propertyPath: m_LocalPosition.x
      value: 152.7
      objectReference: {fileID: 0}
    - target: {fileID: 4894957667442236, guid: ec566e455116158479636461f6a8decb, type: 2}
      propertyPath: m_LocalPosition.y
      value: 30.036362
      objectReference: {fileID: 0}
    - target: {fileID: 4894957667442236, guid: ec566e455116158479636461f6a8decb, type: 2}
      propertyPath: m_LocalPosition.z
      value: 215.1
      objectReference: {fileID: 0}
    - target: {fileID: 4894957667442236, guid: ec566e455116158479636461f6a8decb, type: 2}
      propertyPath: m_LocalRotation.x
      value: 0
      objectReference: {fileID: 0}
    - target: {fileID: 4894957667442236, guid: ec566e455116158479636461f6a8decb, type: 2}
      propertyPath: m_LocalRotation.y
      value: -0
      objectReference: {fileID: 0}
    - target: {fileID: 4894957667442236, guid: ec566e455116158479636461f6a8decb, type: 2}
      propertyPath: m_LocalRotation.z
      value: -0
      objectReference: {fileID: 0}
    - target: {fileID: 4894957667442236, guid: ec566e455116158479636461f6a8decb, type: 2}
      propertyPath: m_LocalRotation.w
      value: 1
      objectReference: {fileID: 0}
    - target: {fileID: 4894957667442236, guid: ec566e455116158479636461f6a8decb, type: 2}
      propertyPath: m_RootOrder
      value: 10
      objectReference: {fileID: 0}
    - target: {fileID: 1381644363605604, guid: ec566e455116158479636461f6a8decb, type: 2}
      propertyPath: m_IsActive
      value: 1
      objectReference: {fileID: 0}
    - target: {fileID: 1381644363605604, guid: ec566e455116158479636461f6a8decb, type: 2}
      propertyPath: m_Name
      value: AITank (2)
      objectReference: {fileID: 0}
    - target: {fileID: 224384555563207622, guid: ec566e455116158479636461f6a8decb,
        type: 2}
      propertyPath: m_AnchorMax.x
      value: 1
      objectReference: {fileID: 0}
    - target: {fileID: 224384555563207622, guid: ec566e455116158479636461f6a8decb,
        type: 2}
      propertyPath: m_AnchorMax.y
      value: 1
      objectReference: {fileID: 0}
    m_RemovedComponents: []
  m_ParentPrefab: {fileID: 100100000, guid: ec566e455116158479636461f6a8decb, type: 2}
  m_IsPrefabParent: 0
--- !u!1 &1953920188
GameObject:
  m_ObjectHideFlags: 0
  m_PrefabParentObject: {fileID: 1067008691156754, guid: 8daf5d0ae7da1477b8782e942afb45d9,
    type: 2}
  m_PrefabInternal: {fileID: 0}
  serializedVersion: 5
  m_Component:
  - component: {fileID: 1953920189}
  - component: {fileID: 1953920191}
  - component: {fileID: 1953920190}
  m_Layer: 0
  m_Name: default
  m_TagString: Untagged
  m_Icon: {fileID: 0}
  m_NavMeshLayer: 0
  m_StaticEditorFlags: 0
  m_IsActive: 1
--- !u!4 &1953920189
Transform:
  m_ObjectHideFlags: 0
  m_PrefabParentObject: {fileID: 4950617348718188, guid: 8daf5d0ae7da1477b8782e942afb45d9,
    type: 2}
  m_PrefabInternal: {fileID: 0}
  m_GameObject: {fileID: 1953920188}
  m_LocalRotation: {x: 0, y: -0, z: -0, w: 1}
  m_LocalPosition: {x: -0, y: 0, z: 0}
  m_LocalScale: {x: 1, y: 1, z: 1}
  m_Children: []
  m_Father: {fileID: 887467699}
  m_RootOrder: 0
  m_LocalEulerAnglesHint: {x: 0, y: 0, z: 0}
--- !u!23 &1953920190
MeshRenderer:
  m_ObjectHideFlags: 0
  m_PrefabParentObject: {fileID: 23975883446386198, guid: 8daf5d0ae7da1477b8782e942afb45d9,
    type: 2}
  m_PrefabInternal: {fileID: 0}
  m_GameObject: {fileID: 1953920188}
  m_Enabled: 1
  m_CastShadows: 1
  m_ReceiveShadows: 1
  m_DynamicOccludee: 1
  m_MotionVectors: 1
  m_LightProbeUsage: 1
  m_ReflectionProbeUsage: 1
  m_Materials:
  - {fileID: 2100000, guid: e3c21ffe899514bd8870746feee49628, type: 2}
  m_StaticBatchInfo:
    firstSubMesh: 0
    subMeshCount: 0
  m_StaticBatchRoot: {fileID: 0}
  m_ProbeAnchor: {fileID: 0}
  m_LightProbeVolumeOverride: {fileID: 0}
  m_ScaleInLightmap: 1
  m_PreserveUVs: 0
  m_IgnoreNormalsForChartDetection: 0
  m_ImportantGI: 0
  m_StitchLightmapSeams: 0
  m_SelectedEditorRenderState: 3
  m_MinimumChartSize: 4
  m_AutoUVMaxDistance: 0.5
  m_AutoUVMaxAngle: 89
  m_LightmapParameters: {fileID: 0}
  m_SortingLayerID: 0
  m_SortingLayer: 0
  m_SortingOrder: 0
--- !u!33 &1953920191
MeshFilter:
  m_ObjectHideFlags: 0
  m_PrefabParentObject: {fileID: 33599077351629976, guid: 8daf5d0ae7da1477b8782e942afb45d9,
    type: 2}
  m_PrefabInternal: {fileID: 0}
  m_GameObject: {fileID: 1953920188}
  m_Mesh: {fileID: 4300000, guid: fbfb87d825b0d49f196b9669d6313fa6, type: 3}
--- !u!1 &1961255508
GameObject:
  m_ObjectHideFlags: 0
  m_PrefabParentObject: {fileID: 0}
  m_PrefabInternal: {fileID: 0}
  serializedVersion: 5
  m_Component:
  - component: {fileID: 1961255510}
  - component: {fileID: 1961255509}
  m_Layer: 0
  m_Name: Directional Light
  m_TagString: Untagged
  m_Icon: {fileID: 0}
  m_NavMeshLayer: 0
  m_StaticEditorFlags: 0
  m_IsActive: 1
--- !u!108 &1961255509
Light:
  m_ObjectHideFlags: 0
  m_PrefabParentObject: {fileID: 0}
  m_PrefabInternal: {fileID: 0}
  m_GameObject: {fileID: 1961255508}
  m_Enabled: 1
  serializedVersion: 8
  m_Type: 1
  m_Color: {r: 1, g: 0.7652439, b: 0.125, a: 1}
  m_Intensity: 1
  m_Range: 10
  m_SpotAngle: 30
  m_CookieSize: 10
  m_Shadows:
    m_Type: 2
    m_Resolution: -1
    m_CustomResolution: -1
    m_Strength: 1
    m_Bias: 0.05
    m_NormalBias: 0.4
    m_NearPlane: 0.2
  m_Cookie: {fileID: 0}
  m_DrawHalo: 0
  m_Flare: {fileID: 0}
  m_RenderMode: 0
  m_CullingMask:
    serializedVersion: 2
    m_Bits: 4294967295
  m_Lightmapping: 4
  m_AreaSize: {x: 1, y: 1}
  m_BounceIntensity: 1
  m_ColorTemperature: 6570
  m_UseColorTemperature: 0
  m_ShadowRadius: 0
  m_ShadowAngle: 0
--- !u!4 &1961255510
Transform:
  m_ObjectHideFlags: 0
  m_PrefabParentObject: {fileID: 0}
  m_PrefabInternal: {fileID: 0}
  m_GameObject: {fileID: 1961255508}
  m_LocalRotation: {x: 0.06962083, y: -0.25814593, z: 0.01865483, w: 0.96341354}
  m_LocalPosition: {x: 0, y: 3, z: 0}
  m_LocalScale: {x: 1, y: 1, z: 1}
  m_Children: []
  m_Father: {fileID: 0}
  m_RootOrder: 4
  m_LocalEulerAnglesHint: {x: 8.267, y: -30.000002, z: 0}
--- !u!1 &1989725466
GameObject:
  m_ObjectHideFlags: 0
  m_PrefabParentObject: {fileID: 0}
  m_PrefabInternal: {fileID: 0}
  serializedVersion: 5
  m_Component:
  - component: {fileID: 1989725470}
  - component: {fileID: 1989725469}
  - component: {fileID: 1989725468}
  - component: {fileID: 1989725467}
  m_Layer: 0
  m_Name: Main Camera
  m_TagString: MainCamera
  m_Icon: {fileID: 0}
  m_NavMeshLayer: 0
  m_StaticEditorFlags: 0
  m_IsActive: 1
--- !u!81 &1989725467
AudioListener:
  m_ObjectHideFlags: 0
  m_PrefabParentObject: {fileID: 0}
  m_PrefabInternal: {fileID: 0}
  m_GameObject: {fileID: 1989725466}
  m_Enabled: 1
--- !u!124 &1989725468
Behaviour:
  m_ObjectHideFlags: 0
  m_PrefabParentObject: {fileID: 0}
  m_PrefabInternal: {fileID: 0}
  m_GameObject: {fileID: 1989725466}
  m_Enabled: 1
--- !u!20 &1989725469
Camera:
  m_ObjectHideFlags: 0
  m_PrefabParentObject: {fileID: 0}
  m_PrefabInternal: {fileID: 0}
  m_GameObject: {fileID: 1989725466}
  m_Enabled: 1
  serializedVersion: 2
  m_ClearFlags: 1
  m_BackGroundColor: {r: 0.19215687, g: 0.3019608, b: 0.4745098, a: 0}
  m_NormalizedViewPortRect:
    serializedVersion: 2
    x: 0
    y: 0
    width: 1
    height: 1
  near clip plane: 0.3
  far clip plane: 1000
  field of view: 60
  orthographic: 0
  orthographic size: 5
  m_Depth: -1
  m_CullingMask:
    serializedVersion: 2
    m_Bits: 4294967295
  m_RenderingPath: -1
  m_TargetTexture: {fileID: 0}
  m_TargetDisplay: 0
  m_TargetEye: 3
  m_HDR: 1
  m_AllowMSAA: 1
  m_AllowDynamicResolution: 0
  m_ForceIntoRT: 0
  m_OcclusionCulling: 1
  m_StereoConvergence: 10
  m_StereoSeparation: 0.022
--- !u!4 &1989725470
Transform:
  m_ObjectHideFlags: 0
  m_PrefabParentObject: {fileID: 0}
  m_PrefabInternal: {fileID: 0}
  m_GameObject: {fileID: 1989725466}
  m_LocalRotation: {x: -0, y: -0, z: -0, w: 1}
  m_LocalPosition: {x: 123.63, y: 42.77, z: 215.9}
  m_LocalScale: {x: 1, y: 1, z: 1}
  m_Children: []
  m_Father: {fileID: 0}
  m_RootOrder: 0
  m_LocalEulerAnglesHint: {x: 0, y: 0, z: 0}
