%YAML 1.1
%TAG !u! tag:unity3d.com,2011:
--- !u!1001 &100100000
Prefab:
  m_ObjectHideFlags: 1
  serializedVersion: 2
  m_Modification:
    m_TransformParent: {fileID: 0}
    m_Modifications: []
    m_RemovedComponents: []
  m_ParentPrefab: {fileID: 0}
  m_RootGameObject: {fileID: 1319622608888132}
  m_IsPrefabParent: 1
--- !u!1 &1004728307148072
GameObject:
  m_ObjectHideFlags: 1
  m_PrefabParentObject: {fileID: 0}
  m_PrefabInternal: {fileID: 100100000}
  serializedVersion: 5
  m_Component:
  - component: {fileID: 4412597082280988}
  m_Layer: 9
  m_Name: b_MF_Thumb_02_R
  m_TagString: Untagged
  m_Icon: {fileID: 0}
  m_NavMeshLayer: 0
  m_StaticEditorFlags: 0
  m_IsActive: 1
--- !u!1 &1008821612057530
GameObject:
  m_ObjectHideFlags: 1
  m_PrefabParentObject: {fileID: 0}
  m_PrefabInternal: {fileID: 100100000}
  serializedVersion: 5
  m_Component:
  - component: {fileID: 4232566694551178}
  m_Layer: 9
  m_Name: b_MF_Pelvis
  m_TagString: Untagged
  m_Icon: {fileID: 0}
  m_NavMeshLayer: 0
  m_StaticEditorFlags: 0
  m_IsActive: 1
--- !u!1 &1024448738464092
GameObject:
  m_ObjectHideFlags: 1
  m_PrefabParentObject: {fileID: 0}
  m_PrefabInternal: {fileID: 100100000}
  serializedVersion: 5
  m_Component:
  - component: {fileID: 4739532767916356}
  m_Layer: 9
  m_Name: b_MF_Finger_05_R
  m_TagString: Untagged
  m_Icon: {fileID: 0}
  m_NavMeshLayer: 0
  m_StaticEditorFlags: 0
  m_IsActive: 1
--- !u!1 &1025919220322782
GameObject:
  m_ObjectHideFlags: 1
  m_PrefabParentObject: {fileID: 0}
  m_PrefabInternal: {fileID: 100100000}
  serializedVersion: 5
  m_Component:
  - component: {fileID: 4303381423990260}
  m_Layer: 9
  m_Name: b_MF_Finger_08_R
  m_TagString: Untagged
  m_Icon: {fileID: 0}
  m_NavMeshLayer: 0
  m_StaticEditorFlags: 0
  m_IsActive: 1
--- !u!1 &1030796679745436
GameObject:
  m_ObjectHideFlags: 1
  m_PrefabParentObject: {fileID: 0}
  m_PrefabInternal: {fileID: 100100000}
  serializedVersion: 5
  m_Component:
  - component: {fileID: 4607587894833794}
  m_Layer: 9
  m_Name: b_MF_Finger_02_R
  m_TagString: Untagged
  m_Icon: {fileID: 0}
  m_NavMeshLayer: 0
  m_StaticEditorFlags: 0
  m_IsActive: 1
--- !u!1 &1039968639734052
GameObject:
  m_ObjectHideFlags: 1
  m_PrefabParentObject: {fileID: 0}
  m_PrefabInternal: {fileID: 100100000}
  serializedVersion: 5
  m_Component:
  - component: {fileID: 4960350103382036}
  m_Layer: 9
  m_Name: b_MF_Camera_Root
  m_TagString: Untagged
  m_Icon: {fileID: 0}
  m_NavMeshLayer: 0
  m_StaticEditorFlags: 0
  m_IsActive: 1
--- !u!1 &1046179113547830
GameObject:
  m_ObjectHideFlags: 1
  m_PrefabParentObject: {fileID: 0}
  m_PrefabInternal: {fileID: 100100000}
  serializedVersion: 5
  m_Component:
  - component: {fileID: 4922605289312930}
  m_Layer: 9
  m_Name: b_MF_Calf_R
  m_TagString: Untagged
  m_Icon: {fileID: 0}
  m_NavMeshLayer: 0
  m_StaticEditorFlags: 0
  m_IsActive: 1
--- !u!1 &1057241093990938
GameObject:
  m_ObjectHideFlags: 1
  m_PrefabParentObject: {fileID: 0}
  m_PrefabInternal: {fileID: 100100000}
  serializedVersion: 5
  m_Component:
  - component: {fileID: 4902940739813802}
  m_Layer: 9
  m_Name: b_MF_Finger_07_L
  m_TagString: Untagged
  m_Icon: {fileID: 0}
  m_NavMeshLayer: 0
  m_StaticEditorFlags: 0
  m_IsActive: 1
--- !u!1 &1068099429975664
GameObject:
  m_ObjectHideFlags: 1
  m_PrefabParentObject: {fileID: 0}
  m_PrefabInternal: {fileID: 100100000}
  serializedVersion: 5
  m_Component:
  - component: {fileID: 4731219272933160}
  m_Layer: 9
  m_Name: b_MF_Thigh_L
  m_TagString: Untagged
  m_Icon: {fileID: 0}
  m_NavMeshLayer: 0
  m_StaticEditorFlags: 0
  m_IsActive: 1
--- !u!1 &1072756021511862
GameObject:
  m_ObjectHideFlags: 1
  m_PrefabParentObject: {fileID: 0}
  m_PrefabInternal: {fileID: 100100000}
  serializedVersion: 5
  m_Component:
  - component: {fileID: 4619956295981244}
  m_Layer: 9
  m_Name: b_MF_Finger_05_L
  m_TagString: Untagged
  m_Icon: {fileID: 0}
  m_NavMeshLayer: 0
  m_StaticEditorFlags: 0
  m_IsActive: 1
--- !u!1 &1075906209704036
GameObject:
  m_ObjectHideFlags: 1
  m_PrefabParentObject: {fileID: 0}
  m_PrefabInternal: {fileID: 100100000}
  serializedVersion: 5
  m_Component:
  - component: {fileID: 4057078766525076}
  m_Layer: 9
  m_Name: b_MF_IK_Foot_L
  m_TagString: Untagged
  m_Icon: {fileID: 0}
  m_NavMeshLayer: 0
  m_StaticEditorFlags: 0
  m_IsActive: 1
--- !u!1 &1105636259105342
GameObject:
  m_ObjectHideFlags: 1
  m_PrefabParentObject: {fileID: 0}
  m_PrefabInternal: {fileID: 100100000}
  serializedVersion: 5
  m_Component:
  - component: {fileID: 4165878895185886}
  m_Layer: 9
  m_Name: b_MF_Weapon_L_End
  m_TagString: Untagged
  m_Icon: {fileID: 0}
  m_NavMeshLayer: 0
  m_StaticEditorFlags: 0
  m_IsActive: 1
--- !u!1 &1115870596635874
GameObject:
  m_ObjectHideFlags: 1
  m_PrefabParentObject: {fileID: 0}
  m_PrefabInternal: {fileID: 100100000}
  serializedVersion: 5
  m_Component:
  - component: {fileID: 4277635451167610}
  m_Layer: 9
  m_Name: b_MF_Thigh_R
  m_TagString: Untagged
  m_Icon: {fileID: 0}
  m_NavMeshLayer: 0
  m_StaticEditorFlags: 0
  m_IsActive: 1
--- !u!1 &1121241693844976
GameObject:
  m_ObjectHideFlags: 1
  m_PrefabParentObject: {fileID: 0}
  m_PrefabInternal: {fileID: 100100000}
  serializedVersion: 5
  m_Component:
  - component: {fileID: 4537265236138384}
  m_Layer: 9
  m_Name: b_MF_Calf_L
  m_TagString: Untagged
  m_Icon: {fileID: 0}
  m_NavMeshLayer: 0
  m_StaticEditorFlags: 0
  m_IsActive: 1
--- !u!1 &1125168642164086
GameObject:
  m_ObjectHideFlags: 0
  m_PrefabParentObject: {fileID: 0}
  m_PrefabInternal: {fileID: 100100000}
  serializedVersion: 5
  m_Component:
  - component: {fileID: 4677052790418220}
  - component: {fileID: 135514324108874108}
  - component: {fileID: 114222715132827550}
  m_Layer: 9
  m_Name: AttackArea
  m_TagString: Untagged
  m_Icon: {fileID: 0}
  m_NavMeshLayer: 0
  m_StaticEditorFlags: 0
  m_IsActive: 1
--- !u!1 &1137552125196440
GameObject:
  m_ObjectHideFlags: 1
  m_PrefabParentObject: {fileID: 0}
  m_PrefabInternal: {fileID: 100100000}
  serializedVersion: 5
  m_Component:
  - component: {fileID: 4805085895542972}
  m_Layer: 9
  m_Name: b_MF_ForeTwist2_L
  m_TagString: Untagged
  m_Icon: {fileID: 0}
  m_NavMeshLayer: 0
  m_StaticEditorFlags: 0
  m_IsActive: 1
--- !u!1 &1151088234376138
GameObject:
  m_ObjectHideFlags: 1
  m_PrefabParentObject: {fileID: 0}
  m_PrefabInternal: {fileID: 100100000}
  serializedVersion: 5
  m_Component:
  - component: {fileID: 4651135496050450}
  m_Layer: 9
  m_Name: b_MF_Armroll_R
  m_TagString: Untagged
  m_Icon: {fileID: 0}
  m_NavMeshLayer: 0
  m_StaticEditorFlags: 0
  m_IsActive: 1
--- !u!1 &1157341743853852
GameObject:
  m_ObjectHideFlags: 1
  m_PrefabParentObject: {fileID: 0}
  m_PrefabInternal: {fileID: 100100000}
  serializedVersion: 5
  m_Component:
  - component: {fileID: 4503758553954764}
  m_Layer: 9
  m_Name: b_MF_Finger_02_L
  m_TagString: Untagged
  m_Icon: {fileID: 0}
  m_NavMeshLayer: 0
  m_StaticEditorFlags: 0
  m_IsActive: 1
--- !u!1 &1161318835917204
GameObject:
  m_ObjectHideFlags: 1
  m_PrefabParentObject: {fileID: 0}
  m_PrefabInternal: {fileID: 100100000}
  serializedVersion: 5
  m_Component:
  - component: {fileID: 4072306525845432}
  m_Layer: 9
  m_Name: b_MF_Finger_12_L
  m_TagString: Untagged
  m_Icon: {fileID: 0}
  m_NavMeshLayer: 0
  m_StaticEditorFlags: 0
  m_IsActive: 1
--- !u!1 &1163964569271942
GameObject:
  m_ObjectHideFlags: 1
  m_PrefabParentObject: {fileID: 0}
  m_PrefabInternal: {fileID: 100100000}
  serializedVersion: 5
  m_Component:
  - component: {fileID: 4873063580141250}
  m_Layer: 9
  m_Name: b_MF_Clavicle_L
  m_TagString: Untagged
  m_Icon: {fileID: 0}
  m_NavMeshLayer: 0
  m_StaticEditorFlags: 0
  m_IsActive: 1
--- !u!1 &1177202408900910
GameObject:
  m_ObjectHideFlags: 1
  m_PrefabParentObject: {fileID: 0}
  m_PrefabInternal: {fileID: 100100000}
  serializedVersion: 5
  m_Component:
  - component: {fileID: 4717370437763158}
  m_Layer: 9
  m_Name: b_MF_Toe_R
  m_TagString: Untagged
  m_Icon: {fileID: 0}
  m_NavMeshLayer: 0
  m_StaticEditorFlags: 0
  m_IsActive: 1
--- !u!1 &1222143850134592
GameObject:
  m_ObjectHideFlags: 1
  m_PrefabParentObject: {fileID: 0}
  m_PrefabInternal: {fileID: 100100000}
  serializedVersion: 5
  m_Component:
  - component: {fileID: 4215680346315490}
  m_Layer: 9
  m_Name: b_MF_Root
  m_TagString: Untagged
  m_Icon: {fileID: 0}
  m_NavMeshLayer: 0
  m_StaticEditorFlags: 0
  m_IsActive: 1
--- !u!1 &1222885357627430
GameObject:
  m_ObjectHideFlags: 1
  m_PrefabParentObject: {fileID: 0}
  m_PrefabInternal: {fileID: 100100000}
  serializedVersion: 5
  m_Component:
  - component: {fileID: 4555781401256452}
  m_Layer: 9
  m_Name: b_MF_IK_Foot_Root
  m_TagString: Untagged
  m_Icon: {fileID: 0}
  m_NavMeshLayer: 0
  m_StaticEditorFlags: 0
  m_IsActive: 1
--- !u!1 &1254034542419544
GameObject:
  m_ObjectHideFlags: 1
  m_PrefabParentObject: {fileID: 0}
  m_PrefabInternal: {fileID: 100100000}
  serializedVersion: 5
  m_Component:
  - component: {fileID: 4523979733722856}
  m_Layer: 9
  m_Name: b_MF_ForeTwist2_R
  m_TagString: Untagged
  m_Icon: {fileID: 0}
  m_NavMeshLayer: 0
  m_StaticEditorFlags: 0
  m_IsActive: 1
--- !u!1 &1268034578613096
GameObject:
  m_ObjectHideFlags: 1
  m_PrefabParentObject: {fileID: 0}
  m_PrefabInternal: {fileID: 100100000}
  serializedVersion: 5
  m_Component:
  - component: {fileID: 4500162461635904}
  m_Layer: 9
  m_Name: b_MF_Thumb_02_L
  m_TagString: Untagged
  m_Icon: {fileID: 0}
  m_NavMeshLayer: 0
  m_StaticEditorFlags: 0
  m_IsActive: 1
--- !u!1 &1284341049032530
GameObject:
  m_ObjectHideFlags: 1
  m_PrefabParentObject: {fileID: 0}
  m_PrefabInternal: {fileID: 100100000}
  serializedVersion: 5
  m_Component:
  - component: {fileID: 4176663718629052}
  m_Layer: 9
  m_Name: b_MF_IK_Gun
  m_TagString: Untagged
  m_Icon: {fileID: 0}
  m_NavMeshLayer: 0
  m_StaticEditorFlags: 0
  m_IsActive: 1
--- !u!1 &1287171456534458
GameObject:
  m_ObjectHideFlags: 1
  m_PrefabParentObject: {fileID: 0}
  m_PrefabInternal: {fileID: 100100000}
  serializedVersion: 5
  m_Component:
  - component: {fileID: 4786224907578358}
  m_Layer: 9
  m_Name: b_MF_Finger_03_R
  m_TagString: Untagged
  m_Icon: {fileID: 0}
  m_NavMeshLayer: 0
  m_StaticEditorFlags: 0
  m_IsActive: 1
--- !u!1 &1305340584721586
GameObject:
  m_ObjectHideFlags: 0
  m_PrefabParentObject: {fileID: 0}
  m_PrefabInternal: {fileID: 100100000}
  serializedVersion: 5
  m_Component:
  - component: {fileID: 4179966092661634}
  - component: {fileID: 137906768741555912}
  m_Layer: 9
  m_Name: Lambent_Female
  m_TagString: Untagged
  m_Icon: {fileID: 0}
  m_NavMeshLayer: 0
  m_StaticEditorFlags: 0
  m_IsActive: 1
--- !u!1 &1319622608888132
GameObject:
  m_ObjectHideFlags: 0
  m_PrefabParentObject: {fileID: 0}
  m_PrefabInternal: {fileID: 100100000}
  serializedVersion: 5
  m_Component:
  - component: {fileID: 4062186908960644}
  - component: {fileID: 95519077292522234}
  - component: {fileID: 195794981738804434}
  - component: {fileID: 114101899407327498}
  - component: {fileID: 136533070352880286}
  - component: {fileID: 114504496899633952}
  m_Layer: 9
  m_Name: Zombie_Female_1
  m_TagString: Zombie
  m_Icon: {fileID: 0}
  m_NavMeshLayer: 0
  m_StaticEditorFlags: 0
  m_IsActive: 1
--- !u!1 &1352409055262590
GameObject:
  m_ObjectHideFlags: 1
  m_PrefabParentObject: {fileID: 0}
  m_PrefabInternal: {fileID: 100100000}
  serializedVersion: 5
  m_Component:
  - component: {fileID: 4619662423333068}
  m_Layer: 9
  m_Name: b_MF_Clavicle_R
  m_TagString: Untagged
  m_Icon: {fileID: 0}
  m_NavMeshLayer: 0
  m_StaticEditorFlags: 0
  m_IsActive: 1
--- !u!1 &1354019739615356
GameObject:
  m_ObjectHideFlags: 1
  m_PrefabParentObject: {fileID: 0}
  m_PrefabInternal: {fileID: 100100000}
  serializedVersion: 5
  m_Component:
  - component: {fileID: 4811193057945876}
  m_Layer: 9
  m_Name: b_MF_BackMount_L
  m_TagString: Untagged
  m_Icon: {fileID: 0}
  m_NavMeshLayer: 0
  m_StaticEditorFlags: 0
  m_IsActive: 1
--- !u!1 &1364381203151860
GameObject:
  m_ObjectHideFlags: 1
  m_PrefabParentObject: {fileID: 0}
  m_PrefabInternal: {fileID: 100100000}
  serializedVersion: 5
  m_Component:
  - component: {fileID: 4829333841477130}
  m_Layer: 9
  m_Name: b_MF_IK_Foot_R
  m_TagString: Untagged
  m_Icon: {fileID: 0}
  m_NavMeshLayer: 0
  m_StaticEditorFlags: 0
  m_IsActive: 1
--- !u!1 &1377050874384696
GameObject:
  m_ObjectHideFlags: 1
  m_PrefabParentObject: {fileID: 0}
  m_PrefabInternal: {fileID: 100100000}
  serializedVersion: 5
  m_Component:
  - component: {fileID: 4904075269921358}
  m_Layer: 9
  m_Name: b_MF_Weapon_L
  m_TagString: Untagged
  m_Icon: {fileID: 0}
  m_NavMeshLayer: 0
  m_StaticEditorFlags: 0
  m_IsActive: 1
--- !u!1 &1383382965430200
GameObject:
  m_ObjectHideFlags: 1
  m_PrefabParentObject: {fileID: 0}
  m_PrefabInternal: {fileID: 100100000}
  serializedVersion: 5
  m_Component:
  - component: {fileID: 4135367312585578}
  m_Layer: 9
  m_Name: b_MF_Finger_12_R
  m_TagString: Untagged
  m_Icon: {fileID: 0}
  m_NavMeshLayer: 0
  m_StaticEditorFlags: 0
  m_IsActive: 1
--- !u!1 &1390714939001594
GameObject:
  m_ObjectHideFlags: 1
  m_PrefabParentObject: {fileID: 0}
  m_PrefabInternal: {fileID: 100100000}
  serializedVersion: 5
  m_Component:
  - component: {fileID: 4714127590826326}
  m_Layer: 9
  m_Name: b_MF_Spine_01
  m_TagString: Untagged
  m_Icon: {fileID: 0}
  m_NavMeshLayer: 0
  m_StaticEditorFlags: 0
  m_IsActive: 1
--- !u!1 &1392813041784308
GameObject:
  m_ObjectHideFlags: 1
  m_PrefabParentObject: {fileID: 0}
  m_PrefabInternal: {fileID: 100100000}
  serializedVersion: 5
  m_Component:
  - component: {fileID: 4502332474729056}
  m_Layer: 9
  m_Name: b_MF_Finger_06_R
  m_TagString: Untagged
  m_Icon: {fileID: 0}
  m_NavMeshLayer: 0
  m_StaticEditorFlags: 0
  m_IsActive: 1
--- !u!1 &1449940896755156
GameObject:
  m_ObjectHideFlags: 1
  m_PrefabParentObject: {fileID: 0}
  m_PrefabInternal: {fileID: 100100000}
  serializedVersion: 5
  m_Component:
  - component: {fileID: 4791811511290946}
  m_Layer: 9
  m_Name: b_MF_Thumb_01_R
  m_TagString: Untagged
  m_Icon: {fileID: 0}
  m_NavMeshLayer: 0
  m_StaticEditorFlags: 0
  m_IsActive: 1
--- !u!1 &1477951890485898
GameObject:
  m_ObjectHideFlags: 1
  m_PrefabParentObject: {fileID: 0}
  m_PrefabInternal: {fileID: 100100000}
  serializedVersion: 5
  m_Component:
  - component: {fileID: 4321941193932314}
  m_Layer: 9
  m_Name: b_MF_Finger_11_L
  m_TagString: Untagged
  m_Icon: {fileID: 0}
  m_NavMeshLayer: 0
  m_StaticEditorFlags: 0
  m_IsActive: 1
--- !u!1 &1489253657290014
GameObject:
  m_ObjectHideFlags: 1
  m_PrefabParentObject: {fileID: 0}
  m_PrefabInternal: {fileID: 100100000}
  serializedVersion: 5
  m_Component:
  - component: {fileID: 4165531230035506}
  m_Layer: 9
  m_Name: b_MF_IK_Hand_R
  m_TagString: Untagged
  m_Icon: {fileID: 0}
  m_NavMeshLayer: 0
  m_StaticEditorFlags: 0
  m_IsActive: 1
--- !u!1 &1500407365739782
GameObject:
  m_ObjectHideFlags: 1
  m_PrefabParentObject: {fileID: 0}
  m_PrefabInternal: {fileID: 100100000}
  serializedVersion: 5
  m_Component:
  - component: {fileID: 4190179557643546}
  m_Layer: 9
  m_Name: b_MF_Finger_09_R
  m_TagString: Untagged
  m_Icon: {fileID: 0}
  m_NavMeshLayer: 0
  m_StaticEditorFlags: 0
  m_IsActive: 1
--- !u!1 &1513954551737154
GameObject:
  m_ObjectHideFlags: 1
  m_PrefabParentObject: {fileID: 0}
  m_PrefabInternal: {fileID: 100100000}
  serializedVersion: 5
  m_Component:
  - component: {fileID: 4969154814290712}
  m_Layer: 9
  m_Name: b_MF_Foot_L
  m_TagString: Untagged
  m_Icon: {fileID: 0}
  m_NavMeshLayer: 0
  m_StaticEditorFlags: 0
  m_IsActive: 1
--- !u!1 &1519004125972136
GameObject:
  m_ObjectHideFlags: 1
  m_PrefabParentObject: {fileID: 0}
  m_PrefabInternal: {fileID: 100100000}
  serializedVersion: 5
  m_Component:
  - component: {fileID: 4989754334459832}
  m_Layer: 9
  m_Name: b_MF_Armor_Sho_L
  m_TagString: Untagged
  m_Icon: {fileID: 0}
  m_NavMeshLayer: 0
  m_StaticEditorFlags: 0
  m_IsActive: 1
--- !u!1 &1524852494958676
GameObject:
  m_ObjectHideFlags: 1
  m_PrefabParentObject: {fileID: 0}
  m_PrefabInternal: {fileID: 100100000}
  serializedVersion: 5
  m_Component:
  - component: {fileID: 4903805611972884}
  m_Layer: 9
  m_Name: b_MF_Thumb_03_R
  m_TagString: Untagged
  m_Icon: {fileID: 0}
  m_NavMeshLayer: 0
  m_StaticEditorFlags: 0
  m_IsActive: 1
--- !u!1 &1552964203956572
GameObject:
  m_ObjectHideFlags: 1
  m_PrefabParentObject: {fileID: 0}
  m_PrefabInternal: {fileID: 100100000}
  serializedVersion: 5
  m_Component:
  - component: {fileID: 4243496845304450}
  m_Layer: 9
  m_Name: b_MF_Finger_01_R
  m_TagString: Untagged
  m_Icon: {fileID: 0}
  m_NavMeshLayer: 0
  m_StaticEditorFlags: 0
  m_IsActive: 1
--- !u!1 &1554187120328742
GameObject:
  m_ObjectHideFlags: 1
  m_PrefabParentObject: {fileID: 0}
  m_PrefabInternal: {fileID: 100100000}
  serializedVersion: 5
  m_Component:
  - component: {fileID: 4139224209383922}
  m_Layer: 9
  m_Name: b_MF_Attach
  m_TagString: Untagged
  m_Icon: {fileID: 0}
  m_NavMeshLayer: 0
  m_StaticEditorFlags: 0
  m_IsActive: 1
--- !u!1 &1577928983385558
GameObject:
  m_ObjectHideFlags: 1
  m_PrefabParentObject: {fileID: 0}
  m_PrefabInternal: {fileID: 100100000}
  serializedVersion: 5
  m_Component:
  - component: {fileID: 4464849028200230}
  m_Layer: 9
  m_Name: b_MF_Foot_R
  m_TagString: Untagged
  m_Icon: {fileID: 0}
  m_NavMeshLayer: 0
  m_StaticEditorFlags: 0
  m_IsActive: 1
--- !u!1 &1596264832625258
GameObject:
  m_ObjectHideFlags: 1
  m_PrefabParentObject: {fileID: 0}
  m_PrefabInternal: {fileID: 100100000}
  serializedVersion: 5
  m_Component:
  - component: {fileID: 4163276827935760}
  m_Layer: 9
  m_Name: b_MF_Armroll_L
  m_TagString: Untagged
  m_Icon: {fileID: 0}
  m_NavMeshLayer: 0
  m_StaticEditorFlags: 0
  m_IsActive: 1
--- !u!1 &1603575726212006
GameObject:
  m_ObjectHideFlags: 1
  m_PrefabParentObject: {fileID: 0}
  m_PrefabInternal: {fileID: 100100000}
  serializedVersion: 5
  m_Component:
  - component: {fileID: 4660592439899796}
  m_Layer: 9
  m_Name: b_MF_IK_Hand_Root
  m_TagString: Untagged
  m_Icon: {fileID: 0}
  m_NavMeshLayer: 0
  m_StaticEditorFlags: 0
  m_IsActive: 1
--- !u!1 &1605202981476720
GameObject:
  m_ObjectHideFlags: 1
  m_PrefabParentObject: {fileID: 0}
  m_PrefabInternal: {fileID: 100100000}
  serializedVersion: 5
  m_Component:
  - component: {fileID: 4606516964867444}
  m_Layer: 9
  m_Name: b_MF_Strap_1
  m_TagString: Untagged
  m_Icon: {fileID: 0}
  m_NavMeshLayer: 0
  m_StaticEditorFlags: 0
  m_IsActive: 1
--- !u!1 &1607282158509822
GameObject:
  m_ObjectHideFlags: 1
  m_PrefabParentObject: {fileID: 0}
  m_PrefabInternal: {fileID: 100100000}
  serializedVersion: 5
  m_Component:
  - component: {fileID: 4969752901434274}
  m_Layer: 9
  m_Name: b_MF_UpperArm_R
  m_TagString: Untagged
  m_Icon: {fileID: 0}
  m_NavMeshLayer: 0
  m_StaticEditorFlags: 0
  m_IsActive: 1
--- !u!1 &1618215391653428
GameObject:
  m_ObjectHideFlags: 1
  m_PrefabParentObject: {fileID: 0}
  m_PrefabInternal: {fileID: 100100000}
  serializedVersion: 5
  m_Component:
  - component: {fileID: 4253825210204980}
  m_Layer: 9
  m_Name: b_MF_Finger_10_L
  m_TagString: Untagged
  m_Icon: {fileID: 0}
  m_NavMeshLayer: 0
  m_StaticEditorFlags: 0
  m_IsActive: 1
--- !u!1 &1620698974372320
GameObject:
  m_ObjectHideFlags: 1
  m_PrefabParentObject: {fileID: 0}
  m_PrefabInternal: {fileID: 100100000}
  serializedVersion: 5
  m_Component:
  - component: {fileID: 4325196760690432}
  m_Layer: 9
  m_Name: b_MF_IK_Hand_L
  m_TagString: Untagged
  m_Icon: {fileID: 0}
  m_NavMeshLayer: 0
  m_StaticEditorFlags: 0
  m_IsActive: 1
--- !u!1 &1631132418980964
GameObject:
  m_ObjectHideFlags: 1
  m_PrefabParentObject: {fileID: 0}
  m_PrefabInternal: {fileID: 100100000}
  serializedVersion: 5
  m_Component:
  - component: {fileID: 4056520409953312}
  m_Layer: 9
  m_Name: b_MF_Finger_07_R
  m_TagString: Untagged
  m_Icon: {fileID: 0}
  m_NavMeshLayer: 0
  m_StaticEditorFlags: 0
  m_IsActive: 1
--- !u!1 &1633637196185750
GameObject:
  m_ObjectHideFlags: 1
  m_PrefabParentObject: {fileID: 0}
  m_PrefabInternal: {fileID: 100100000}
  serializedVersion: 5
  m_Component:
  - component: {fileID: 4091029689559876}
  m_Layer: 9
  m_Name: b_MF_UpperArm_L
  m_TagString: Untagged
  m_Icon: {fileID: 0}
  m_NavMeshLayer: 0
  m_StaticEditorFlags: 0
  m_IsActive: 1
--- !u!1 &1639352126476222
GameObject:
  m_ObjectHideFlags: 1
  m_PrefabParentObject: {fileID: 0}
  m_PrefabInternal: {fileID: 100100000}
  serializedVersion: 5
  m_Component:
  - component: {fileID: 4997192129770748}
  m_Layer: 9
  m_Name: b_MF_Finger_04_L
  m_TagString: Untagged
  m_Icon: {fileID: 0}
  m_NavMeshLayer: 0
  m_StaticEditorFlags: 0
  m_IsActive: 1
--- !u!1 &1641148884444354
GameObject:
  m_ObjectHideFlags: 1
  m_PrefabParentObject: {fileID: 0}
  m_PrefabInternal: {fileID: 100100000}
  serializedVersion: 5
  m_Component:
  - component: {fileID: 4185800106662080}
  m_Layer: 9
  m_Name: b_MF_BackMount_R
  m_TagString: Untagged
  m_Icon: {fileID: 0}
  m_NavMeshLayer: 0
  m_StaticEditorFlags: 0
  m_IsActive: 1
--- !u!1 &1650170974320508
GameObject:
  m_ObjectHideFlags: 1
  m_PrefabParentObject: {fileID: 0}
  m_PrefabInternal: {fileID: 100100000}
  serializedVersion: 5
  m_Component:
  - component: {fileID: 4653190632313086}
  m_Layer: 9
  m_Name: b_MF_Spine_03
  m_TagString: Untagged
  m_Icon: {fileID: 0}
  m_NavMeshLayer: 0
  m_StaticEditorFlags: 0
  m_IsActive: 1
--- !u!1 &1670831031511080
GameObject:
  m_ObjectHideFlags: 1
  m_PrefabParentObject: {fileID: 0}
  m_PrefabInternal: {fileID: 100100000}
  serializedVersion: 5
  m_Component:
  - component: {fileID: 4557847618754754}
  m_Layer: 9
  m_Name: b_MF_Camera
  m_TagString: Untagged
  m_Icon: {fileID: 0}
  m_NavMeshLayer: 0
  m_StaticEditorFlags: 0
  m_IsActive: 1
--- !u!1 &1672451658770546
GameObject:
  m_ObjectHideFlags: 1
  m_PrefabParentObject: {fileID: 0}
  m_PrefabInternal: {fileID: 100100000}
  serializedVersion: 5
  m_Component:
  - component: {fileID: 4693086484977804}
  m_Layer: 9
  m_Name: b_MF_Toe_L
  m_TagString: Untagged
  m_Icon: {fileID: 0}
  m_NavMeshLayer: 0
  m_StaticEditorFlags: 0
  m_IsActive: 1
--- !u!1 &1681827493745292
GameObject:
  m_ObjectHideFlags: 1
  m_PrefabParentObject: {fileID: 0}
  m_PrefabInternal: {fileID: 100100000}
  serializedVersion: 5
  m_Component:
  - component: {fileID: 4065693848442580}
  m_Layer: 9
  m_Name: b_MF_Armor_Sho_R
  m_TagString: Untagged
  m_Icon: {fileID: 0}
  m_NavMeshLayer: 0
  m_StaticEditorFlags: 0
  m_IsActive: 1
--- !u!1 &1689023972939758
GameObject:
  m_ObjectHideFlags: 1
  m_PrefabParentObject: {fileID: 0}
  m_PrefabInternal: {fileID: 100100000}
  serializedVersion: 5
  m_Component:
  - component: {fileID: 4593643753731574}
  m_Layer: 9
  m_Name: B_MF_Spine_02
  m_TagString: Untagged
  m_Icon: {fileID: 0}
  m_NavMeshLayer: 0
  m_StaticEditorFlags: 0
  m_IsActive: 1
--- !u!1 &1691129253308362
GameObject:
  m_ObjectHideFlags: 1
  m_PrefabParentObject: {fileID: 0}
  m_PrefabInternal: {fileID: 100100000}
  serializedVersion: 5
  m_Component:
  - component: {fileID: 4823491454265994}
  m_Layer: 9
  m_Name: b_MF_Head
  m_TagString: Untagged
  m_Icon: {fileID: 0}
  m_NavMeshLayer: 0
  m_StaticEditorFlags: 0
  m_IsActive: 1
--- !u!1 &1696482206746730
GameObject:
  m_ObjectHideFlags: 1
  m_PrefabParentObject: {fileID: 0}
  m_PrefabInternal: {fileID: 100100000}
  serializedVersion: 5
  m_Component:
  - component: {fileID: 4700895387852082}
  m_Layer: 9
  m_Name: b_MF_Finger_01_L
  m_TagString: Untagged
  m_Icon: {fileID: 0}
  m_NavMeshLayer: 0
  m_StaticEditorFlags: 0
  m_IsActive: 1
--- !u!1 &1705295381654978
GameObject:
  m_ObjectHideFlags: 1
  m_PrefabParentObject: {fileID: 0}
  m_PrefabInternal: {fileID: 100100000}
  serializedVersion: 5
  m_Component:
  - component: {fileID: 4184271035322750}
  m_Layer: 9
  m_Name: b_MF_Finger_03_L
  m_TagString: Untagged
  m_Icon: {fileID: 0}
  m_NavMeshLayer: 0
  m_StaticEditorFlags: 0
  m_IsActive: 1
--- !u!1 &1708515110121486
GameObject:
  m_ObjectHideFlags: 1
  m_PrefabParentObject: {fileID: 0}
  m_PrefabInternal: {fileID: 100100000}
  serializedVersion: 5
  m_Component:
  - component: {fileID: 4825719093894136}
  m_Layer: 9
  m_Name: b_MF_Forearm_L
  m_TagString: Untagged
  m_Icon: {fileID: 0}
  m_NavMeshLayer: 0
  m_StaticEditorFlags: 0
  m_IsActive: 1
--- !u!1 &1712788503464794
GameObject:
  m_ObjectHideFlags: 1
  m_PrefabParentObject: {fileID: 0}
  m_PrefabInternal: {fileID: 100100000}
  serializedVersion: 5
  m_Component:
  - component: {fileID: 4828104747026264}
  m_Layer: 9
  m_Name: b_MF_Hair_3
  m_TagString: Untagged
  m_Icon: {fileID: 0}
  m_NavMeshLayer: 0
  m_StaticEditorFlags: 0
  m_IsActive: 1
--- !u!1 &1723575966845198
GameObject:
  m_ObjectHideFlags: 1
  m_PrefabParentObject: {fileID: 0}
  m_PrefabInternal: {fileID: 100100000}
  serializedVersion: 5
  m_Component:
  - component: {fileID: 4850134125750964}
  m_Layer: 9
  m_Name: b_MF_Finger_04_R
  m_TagString: Untagged
  m_Icon: {fileID: 0}
  m_NavMeshLayer: 0
  m_StaticEditorFlags: 0
  m_IsActive: 1
--- !u!1 &1732958445075448
GameObject:
  m_ObjectHideFlags: 1
  m_PrefabParentObject: {fileID: 0}
  m_PrefabInternal: {fileID: 100100000}
  serializedVersion: 5
  m_Component:
  - component: {fileID: 4606651150790106}
  m_Layer: 9
  m_Name: b_MF_jaw
  m_TagString: Untagged
  m_Icon: {fileID: 0}
  m_NavMeshLayer: 0
  m_StaticEditorFlags: 0
  m_IsActive: 1
--- !u!1 &1742725371618070
GameObject:
  m_ObjectHideFlags: 1
  m_PrefabParentObject: {fileID: 0}
  m_PrefabInternal: {fileID: 100100000}
  serializedVersion: 5
  m_Component:
  - component: {fileID: 4585306089232098}
  m_Layer: 9
  m_Name: b_MF_Thumb_01_L
  m_TagString: Untagged
  m_Icon: {fileID: 0}
  m_NavMeshLayer: 0
  m_StaticEditorFlags: 0
  m_IsActive: 1
--- !u!1 &1760519482381614
GameObject:
  m_ObjectHideFlags: 1
  m_PrefabParentObject: {fileID: 0}
  m_PrefabInternal: {fileID: 100100000}
  serializedVersion: 5
  m_Component:
  - component: {fileID: 4279437565874470}
  m_Layer: 9
  m_Name: b_MF_Weapon_R
  m_TagString: Untagged
  m_Icon: {fileID: 0}
  m_NavMeshLayer: 0
  m_StaticEditorFlags: 0
  m_IsActive: 1
--- !u!1 &1778677821619208
GameObject:
  m_ObjectHideFlags: 1
  m_PrefabParentObject: {fileID: 0}
  m_PrefabInternal: {fileID: 100100000}
  serializedVersion: 5
  m_Component:
  - component: {fileID: 4001140212823294}
  m_Layer: 9
  m_Name: b_MF_Face
  m_TagString: Untagged
  m_Icon: {fileID: 0}
  m_NavMeshLayer: 0
  m_StaticEditorFlags: 0
  m_IsActive: 1
--- !u!1 &1788746167150140
GameObject:
  m_ObjectHideFlags: 1
  m_PrefabParentObject: {fileID: 0}
  m_PrefabInternal: {fileID: 100100000}
  serializedVersion: 5
  m_Component:
  - component: {fileID: 4576904210855486}
  m_Layer: 9
  m_Name: b_MF_Finger_11_R
  m_TagString: Untagged
  m_Icon: {fileID: 0}
  m_NavMeshLayer: 0
  m_StaticEditorFlags: 0
  m_IsActive: 1
--- !u!1 &1833265658616500
GameObject:
  m_ObjectHideFlags: 1
  m_PrefabParentObject: {fileID: 0}
  m_PrefabInternal: {fileID: 100100000}
  serializedVersion: 5
  m_Component:
  - component: {fileID: 4666476168485286}
  m_Layer: 9
  m_Name: b_MF_Weapon_R_End
  m_TagString: Untagged
  m_Icon: {fileID: 0}
  m_NavMeshLayer: 0
  m_StaticEditorFlags: 0
  m_IsActive: 1
--- !u!1 &1834144520818468
GameObject:
  m_ObjectHideFlags: 1
  m_PrefabParentObject: {fileID: 0}
  m_PrefabInternal: {fileID: 100100000}
  serializedVersion: 5
  m_Component:
  - component: {fileID: 4699177101405242}
  m_Layer: 9
  m_Name: b_MF_Forearm_R
  m_TagString: Untagged
  m_Icon: {fileID: 0}
  m_NavMeshLayer: 0
  m_StaticEditorFlags: 0
  m_IsActive: 1
--- !u!1 &1838349831738660
GameObject:
  m_ObjectHideFlags: 1
  m_PrefabParentObject: {fileID: 0}
  m_PrefabInternal: {fileID: 100100000}
  serializedVersion: 5
  m_Component:
  - component: {fileID: 4057536281501448}
  m_Layer: 9
  m_Name: b_MF_Neck
  m_TagString: Untagged
  m_Icon: {fileID: 0}
  m_NavMeshLayer: 0
  m_StaticEditorFlags: 0
  m_IsActive: 1
--- !u!1 &1847241681482342
GameObject:
  m_ObjectHideFlags: 0
  m_PrefabParentObject: {fileID: 0}
  m_PrefabInternal: {fileID: 100100000}
  serializedVersion: 5
  m_Component:
  - component: {fileID: 4564803424913754}
  m_Layer: 9
  m_Name: Armature
  m_TagString: Untagged
  m_Icon: {fileID: 0}
  m_NavMeshLayer: 0
  m_StaticEditorFlags: 0
  m_IsActive: 1
--- !u!1 &1868910036962240
GameObject:
  m_ObjectHideFlags: 1
  m_PrefabParentObject: {fileID: 0}
  m_PrefabInternal: {fileID: 100100000}
  serializedVersion: 5
  m_Component:
  - component: {fileID: 4185337732334018}
  m_Layer: 9
  m_Name: b_MF_Finger_09_L
  m_TagString: Untagged
  m_Icon: {fileID: 0}
  m_NavMeshLayer: 0
  m_StaticEditorFlags: 0
  m_IsActive: 1
--- !u!1 &1882389269005304
GameObject:
  m_ObjectHideFlags: 1
  m_PrefabParentObject: {fileID: 0}
  m_PrefabInternal: {fileID: 100100000}
  serializedVersion: 5
  m_Component:
  - component: {fileID: 4265014867050456}
  m_Layer: 9
  m_Name: b_MF_Armor_Crotch
  m_TagString: Untagged
  m_Icon: {fileID: 0}
  m_NavMeshLayer: 0
  m_StaticEditorFlags: 0
  m_IsActive: 1
--- !u!1 &1883247760301184
GameObject:
  m_ObjectHideFlags: 1
  m_PrefabParentObject: {fileID: 0}
  m_PrefabInternal: {fileID: 100100000}
  serializedVersion: 5
  m_Component:
  - component: {fileID: 4379380743997942}
  m_Layer: 9
  m_Name: b_MF_Finger_08_L
  m_TagString: Untagged
  m_Icon: {fileID: 0}
  m_NavMeshLayer: 0
  m_StaticEditorFlags: 0
  m_IsActive: 1
--- !u!1 &1887631339436428
GameObject:
  m_ObjectHideFlags: 1
  m_PrefabParentObject: {fileID: 0}
  m_PrefabInternal: {fileID: 100100000}
  serializedVersion: 5
  m_Component:
  - component: {fileID: 4112763158306776}
  m_Layer: 9
  m_Name: b_MF_Hand_R
  m_TagString: Untagged
  m_Icon: {fileID: 0}
  m_NavMeshLayer: 0
  m_StaticEditorFlags: 0
  m_IsActive: 1
--- !u!1 &1896213777596034
GameObject:
  m_ObjectHideFlags: 1
  m_PrefabParentObject: {fileID: 0}
  m_PrefabInternal: {fileID: 100100000}
  serializedVersion: 5
  m_Component:
  - component: {fileID: 4835147877698274}
  m_Layer: 9
  m_Name: b_MF_Finger_10_R
  m_TagString: Untagged
  m_Icon: {fileID: 0}
  m_NavMeshLayer: 0
  m_StaticEditorFlags: 0
  m_IsActive: 1
--- !u!1 &1929302367029512
GameObject:
  m_ObjectHideFlags: 1
  m_PrefabParentObject: {fileID: 0}
  m_PrefabInternal: {fileID: 100100000}
  serializedVersion: 5
  m_Component:
  - component: {fileID: 4280362731568468}
  m_Layer: 9
  m_Name: b_MF_Thumb_03_L
  m_TagString: Untagged
  m_Icon: {fileID: 0}
  m_NavMeshLayer: 0
  m_StaticEditorFlags: 0
  m_IsActive: 1
--- !u!1 &1957747068417926
GameObject:
  m_ObjectHideFlags: 1
  m_PrefabParentObject: {fileID: 0}
  m_PrefabInternal: {fileID: 100100000}
  serializedVersion: 5
  m_Component:
  - component: {fileID: 4475247124225464}
  m_Layer: 9
  m_Name: b_MF_Finger_06_L
  m_TagString: Untagged
  m_Icon: {fileID: 0}
  m_NavMeshLayer: 0
  m_StaticEditorFlags: 0
  m_IsActive: 1
--- !u!1 &1961513417830722
GameObject:
  m_ObjectHideFlags: 1
  m_PrefabParentObject: {fileID: 0}
  m_PrefabInternal: {fileID: 100100000}
  serializedVersion: 5
  m_Component:
  - component: {fileID: 4501311554445868}
  m_Layer: 9
  m_Name: b_MF_Hair_2
  m_TagString: Untagged
  m_Icon: {fileID: 0}
  m_NavMeshLayer: 0
  m_StaticEditorFlags: 0
  m_IsActive: 1
--- !u!1 &1972279702622548
GameObject:
  m_ObjectHideFlags: 1
  m_PrefabParentObject: {fileID: 0}
  m_PrefabInternal: {fileID: 100100000}
  serializedVersion: 5
  m_Component:
  - component: {fileID: 4101811281546564}
  m_Layer: 9
  m_Name: b_MF_Hand_L
  m_TagString: Untagged
  m_Icon: {fileID: 0}
  m_NavMeshLayer: 0
  m_StaticEditorFlags: 0
  m_IsActive: 1
--- !u!4 &4001140212823294
Transform:
  m_ObjectHideFlags: 1
  m_PrefabParentObject: {fileID: 0}
  m_PrefabInternal: {fileID: 100100000}
  m_GameObject: {fileID: 1778677821619208}
  m_LocalRotation: {x: -0.000012033827, y: 0.91399974, z: 0.000008623965, w: 0.4057148}
  m_LocalPosition: {x: -0.015499, y: 0, z: -0.0056225}
  m_LocalScale: {x: 0.99999404, y: 1, z: 0.99999404}
  m_Children:
  - {fileID: 4606651150790106}
  m_Father: {fileID: 4823491454265994}
  m_RootOrder: 0
  m_LocalEulerAnglesHint: {x: 0, y: 0, z: 0}
--- !u!4 &4056520409953312
Transform:
  m_ObjectHideFlags: 1
  m_PrefabParentObject: {fileID: 0}
  m_PrefabInternal: {fileID: 100100000}
  m_GameObject: {fileID: 1631132418980964}
  m_LocalRotation: {x: -0.000001795069, y: -0.5267003, z: -0.15899602, w: 0.83504915}
  m_LocalPosition: {x: -0.0203835, y: 0.027917, z: -0.157786}
  m_LocalScale: {x: 0.9999922, y: 0.9999992, z: 0.999992}
  m_Children:
  - {fileID: 4303381423990260}
  m_Father: {fileID: 4112763158306776}
  m_RootOrder: 2
  m_LocalEulerAnglesHint: {x: 0, y: 0, z: 0}
--- !u!4 &4057078766525076
Transform:
  m_ObjectHideFlags: 1
  m_PrefabParentObject: {fileID: 0}
  m_PrefabInternal: {fileID: 100100000}
  m_GameObject: {fileID: 1075906209704036}
  m_LocalRotation: {x: 0, y: -0, z: -0, w: 1}
  m_LocalPosition: {x: -0.105906, y: -0.151618, z: 0.172076}
  m_LocalScale: {x: 1, y: 1, z: 1}
  m_Children: []
  m_Father: {fileID: 4555781401256452}
  m_RootOrder: 0
  m_LocalEulerAnglesHint: {x: 0, y: 0, z: 0}
--- !u!4 &4057536281501448
Transform:
  m_ObjectHideFlags: 1
  m_PrefabParentObject: {fileID: 0}
  m_PrefabInternal: {fileID: 100100000}
  m_GameObject: {fileID: 1838349831738660}
  m_LocalRotation: {x: -8.5996264e-17, y: 0.7852623, z: 8.5996264e-17, w: 0.6191633}
  m_LocalPosition: {x: -0.0272775, y: 0, z: 0.1710695}
  m_LocalScale: {x: 0.9999968, y: 1, z: 0.9999968}
  m_Children:
  - {fileID: 4823491454265994}
  m_Father: {fileID: 4653190632313086}
  m_RootOrder: 2
  m_LocalEulerAnglesHint: {x: 0, y: 0, z: 0}
--- !u!4 &4062186908960644
Transform:
  m_ObjectHideFlags: 1
  m_PrefabParentObject: {fileID: 0}
  m_PrefabInternal: {fileID: 100100000}
  m_GameObject: {fileID: 1319622608888132}
  m_LocalRotation: {x: -0.7071068, y: 0, z: 0, w: 0.7071068}
  m_LocalPosition: {x: 99.98, y: 0, z: 67.422554}
  m_LocalScale: {x: 1, y: 1, z: 1}
  m_Children:
  - {fileID: 4564803424913754}
  - {fileID: 4179966092661634}
  - {fileID: 4677052790418220}
  m_Father: {fileID: 0}
  m_RootOrder: 0
  m_LocalEulerAnglesHint: {x: -90, y: 0, z: 0}
--- !u!4 &4065693848442580
Transform:
  m_ObjectHideFlags: 1
  m_PrefabParentObject: {fileID: 0}
  m_PrefabInternal: {fileID: 100100000}
  m_GameObject: {fileID: 1681827493745292}
  m_LocalRotation: {x: 0, y: -0, z: -0, w: 1}
  m_LocalPosition: {x: -0.043755, y: 0.139618, z: -0.069128}
  m_LocalScale: {x: 0.999996, y: 1, z: 0.999996}
  m_Children: []
  m_Father: {fileID: 4619662423333068}
  m_RootOrder: 0
  m_LocalEulerAnglesHint: {x: 0, y: 0, z: 0}
--- !u!4 &4072306525845432
Transform:
  m_ObjectHideFlags: 1
  m_PrefabParentObject: {fileID: 0}
  m_PrefabInternal: {fileID: 100100000}
  m_GameObject: {fileID: 1161318835917204}
  m_LocalRotation: {x: 0.000001500011, y: 0.000001000005, z: -0.0000020000175, w: 1}
  m_LocalPosition: {x: -0.022046, y: 0, z: 0}
  m_LocalScale: {x: 0.999992, y: 0.999994, z: 0.999989}
  m_Children: []
  m_Father: {fileID: 4321941193932314}
  m_RootOrder: 0
  m_LocalEulerAnglesHint: {x: 0, y: 0, z: 0}
--- !u!4 &4091029689559876
Transform:
  m_ObjectHideFlags: 1
  m_PrefabParentObject: {fileID: 0}
  m_PrefabInternal: {fileID: 100100000}
  m_GameObject: {fileID: 1633637196185750}
  m_LocalRotation: {x: 0, y: -0, z: -0, w: 1}
  m_LocalPosition: {x: -0.022073, y: -0.076348, z: -0.023759}
  m_LocalScale: {x: 0.999996, y: 1, z: 0.999996}
  m_Children:
  - {fileID: 4163276827935760}
  - {fileID: 4825719093894136}
  m_Father: {fileID: 4873063580141250}
  m_RootOrder: 1
  m_LocalEulerAnglesHint: {x: 0, y: 0, z: 0}
--- !u!4 &4101811281546564
Transform:
  m_ObjectHideFlags: 1
  m_PrefabParentObject: {fileID: 0}
  m_PrefabInternal: {fileID: 100100000}
  m_GameObject: {fileID: 1972279702622548}
  m_LocalRotation: {x: 0, y: -0, z: -0, w: 1}
  m_LocalPosition: {x: 0.046946, y: -0.1141935, z: -0.205928}
  m_LocalScale: {x: 0.999993, y: 1, z: 0.999993}
  m_Children:
  - {fileID: 4700895387852082}
  - {fileID: 4997192129770748}
  - {fileID: 4902940739813802}
  - {fileID: 4253825210204980}
  - {fileID: 4585306089232098}
  - {fileID: 4904075269921358}
  m_Father: {fileID: 4825719093894136}
  m_RootOrder: 1
  m_LocalEulerAnglesHint: {x: 0, y: 0, z: 0}
--- !u!4 &4112763158306776
Transform:
  m_ObjectHideFlags: 1
  m_PrefabParentObject: {fileID: 0}
  m_PrefabInternal: {fileID: 100100000}
  m_GameObject: {fileID: 1887631339436428}
  m_LocalRotation: {x: 0, y: -0, z: -0, w: 1}
  m_LocalPosition: {x: 0.047144, y: 0.1146945, z: -0.2066595}
  m_LocalScale: {x: 0.999993, y: 1, z: 0.999993}
  m_Children:
  - {fileID: 4243496845304450}
  - {fileID: 4850134125750964}
  - {fileID: 4056520409953312}
  - {fileID: 4835147877698274}
  - {fileID: 4791811511290946}
  - {fileID: 4279437565874470}
  m_Father: {fileID: 4699177101405242}
  m_RootOrder: 1
  m_LocalEulerAnglesHint: {x: 0, y: 0, z: 0}
--- !u!4 &4135367312585578
Transform:
  m_ObjectHideFlags: 1
  m_PrefabParentObject: {fileID: 0}
  m_PrefabInternal: {fileID: 100100000}
  m_GameObject: {fileID: 1383382965430200}
  m_LocalRotation: {x: -0.0000005000045, y: 0.0000010000063, z: 0.000001500011, w: 1}
  m_LocalPosition: {x: -0.022085, y: 0, z: 0}
  m_LocalScale: {x: 0.999993, y: 0.999994, z: 0.99999}
  m_Children: []
  m_Father: {fileID: 4576904210855486}
  m_RootOrder: 0
  m_LocalEulerAnglesHint: {x: 0, y: 0, z: 0}
--- !u!4 &4139224209383922
Transform:
  m_ObjectHideFlags: 1
  m_PrefabParentObject: {fileID: 0}
  m_PrefabInternal: {fileID: 100100000}
  m_GameObject: {fileID: 1554187120328742}
  m_LocalRotation: {x: -0, y: -0.7071068, z: 0, w: 0.7071068}
  m_LocalPosition: {x: -0, y: 0, z: 0}
  m_LocalScale: {x: 1, y: 1, z: 1}
  m_Children: []
  m_Father: {fileID: 4215680346315490}
  m_RootOrder: 0
  m_LocalEulerAnglesHint: {x: 0, y: 0, z: 0}
--- !u!4 &4163276827935760
Transform:
  m_ObjectHideFlags: 1
  m_PrefabParentObject: {fileID: 0}
  m_PrefabInternal: {fileID: 100100000}
  m_GameObject: {fileID: 1596264832625258}
  m_LocalRotation: {x: 0, y: -0, z: -0, w: 1}
  m_LocalPosition: {x: -0, y: 0, z: 0}
  m_LocalScale: {x: 0.999994, y: 1, z: 0.999994}
  m_Children: []
  m_Father: {fileID: 4091029689559876}
  m_RootOrder: 0
  m_LocalEulerAnglesHint: {x: 0, y: 0, z: 0}
--- !u!4 &4165531230035506
Transform:
  m_ObjectHideFlags: 1
  m_PrefabParentObject: {fileID: 0}
  m_PrefabInternal: {fileID: 100100000}
  m_GameObject: {fileID: 1489253657290014}
  m_LocalRotation: {x: 0.0000013267982, y: -0.6504106, z: 0.24762382, w: 0.7180867}
  m_LocalPosition: {x: -0, y: 0, z: 0}
  m_LocalScale: {x: 0.99999994, y: 0.9999996, z: 1.0000001}
  m_Children: []
  m_Father: {fileID: 4176663718629052}
  m_RootOrder: 1
  m_LocalEulerAnglesHint: {x: 0, y: 0, z: 0}
--- !u!4 &4165878895185886
Transform:
  m_ObjectHideFlags: 1
  m_PrefabParentObject: {fileID: 0}
  m_PrefabInternal: {fileID: 100100000}
  m_GameObject: {fileID: 1105636259105342}
  m_LocalRotation: {x: -0.000000500003, y: 0.0000010000035, z: -0.0000010000025, w: 1}
  m_LocalPosition: {x: -0.025544, y: 0, z: 0}
  m_LocalScale: {x: 0.999997, y: 0.999992, z: 0.99999}
  m_Children: []
  m_Father: {fileID: 4904075269921358}
  m_RootOrder: 0
  m_LocalEulerAnglesHint: {x: 0, y: 0, z: 0}
--- !u!4 &4176663718629052
Transform:
  m_ObjectHideFlags: 1
  m_PrefabParentObject: {fileID: 0}
  m_PrefabInternal: {fileID: 100100000}
  m_GameObject: {fileID: 1284341049032530}
  m_LocalRotation: {x: 0, y: -0, z: -0, w: 1}
  m_LocalPosition: {x: -1.06991, y: 0, z: 0}
  m_LocalScale: {x: 1, y: 1, z: 1}
  m_Children:
  - {fileID: 4325196760690432}
  - {fileID: 4165531230035506}
  m_Father: {fileID: 4660592439899796}
  m_RootOrder: 0
  m_LocalEulerAnglesHint: {x: 0, y: 0, z: 0}
--- !u!4 &4179966092661634
Transform:
  m_ObjectHideFlags: 1
  m_PrefabParentObject: {fileID: 0}
  m_PrefabInternal: {fileID: 100100000}
  m_GameObject: {fileID: 1305340584721586}
  m_LocalRotation: {x: 0, y: -0, z: -0, w: 1}
  m_LocalPosition: {x: -0, y: 0, z: 0}
  m_LocalScale: {x: 1, y: 1, z: 1}
  m_Children: []
  m_Father: {fileID: 4062186908960644}
  m_RootOrder: 1
  m_LocalEulerAnglesHint: {x: 0, y: 0, z: 0}
--- !u!4 &4184271035322750
Transform:
  m_ObjectHideFlags: 1
  m_PrefabParentObject: {fileID: 0}
  m_PrefabInternal: {fileID: 100100000}
  m_GameObject: {fileID: 1705295381654978}
  m_LocalRotation: {x: 0.000001000001, y: -5.000055e-13, z: -0.000000500005, w: 1}
  m_LocalPosition: {x: -0.0374105, y: 0, z: 0}
  m_LocalScale: {x: 0.99999, y: 0.999999, z: 0.999989}
  m_Children: []
  m_Father: {fileID: 4503758553954764}
  m_RootOrder: 0
  m_LocalEulerAnglesHint: {x: 0, y: 0, z: 0}
--- !u!4 &4185337732334018
Transform:
  m_ObjectHideFlags: 1
  m_PrefabParentObject: {fileID: 0}
  m_PrefabInternal: {fileID: 100100000}
  m_GameObject: {fileID: 1868910036962240}
  m_LocalRotation: {x: 0.0000005000005, y: -5.00005e-13, z: -0.000001000009, w: 1}
  m_LocalPosition: {x: -0.027403, y: 0, z: 0}
  m_LocalScale: {x: 0.999991, y: 0.999999, z: 0.99999}
  m_Children: []
  m_Father: {fileID: 4379380743997942}
  m_RootOrder: 0
  m_LocalEulerAnglesHint: {x: 0, y: 0, z: 0}
--- !u!4 &4185800106662080
Transform:
  m_ObjectHideFlags: 1
  m_PrefabParentObject: {fileID: 0}
  m_PrefabInternal: {fileID: 100100000}
  m_GameObject: {fileID: 1641148884444354}
  m_LocalRotation: {x: 0.00000070748604, y: -0.68310905, z: -0.00000070751713, w: 0.7303164}
  m_LocalPosition: {x: -0.4902655, y: 0.177366, z: -0.239911}
  m_LocalScale: {x: 0.9999985, y: 1, z: 0.9999985}
  m_Children: []
  m_Father: {fileID: 4593643753731574}
  m_RootOrder: 1
  m_LocalEulerAnglesHint: {x: 0, y: 0, z: 0}
--- !u!4 &4190179557643546
Transform:
  m_ObjectHideFlags: 1
  m_PrefabParentObject: {fileID: 0}
  m_PrefabInternal: {fileID: 100100000}
  m_GameObject: {fileID: 1500407365739782}
  m_LocalRotation: {x: 0, y: 0, z: 0.000001000011, w: 1}
  m_LocalPosition: {x: -0.02747, y: 0, z: 0}
  m_LocalScale: {x: 0.999989, y: 0.999997, z: 0.999989}
  m_Children: []
  m_Father: {fileID: 4303381423990260}
  m_RootOrder: 0
  m_LocalEulerAnglesHint: {x: 0, y: 0, z: 0}
--- !u!4 &4215680346315490
Transform:
  m_ObjectHideFlags: 1
  m_PrefabParentObject: {fileID: 0}
  m_PrefabInternal: {fileID: 100100000}
  m_GameObject: {fileID: 1222143850134592}
  m_LocalRotation: {x: 0.5, y: 0.5, z: -0.5, w: 0.5}
  m_LocalPosition: {x: -0, y: 0, z: 0}
  m_LocalScale: {x: 1, y: 1, z: 1}
  m_Children:
  - {fileID: 4139224209383922}
  - {fileID: 4960350103382036}
  - {fileID: 4555781401256452}
  - {fileID: 4660592439899796}
  - {fileID: 4232566694551178}
  m_Father: {fileID: 4564803424913754}
  m_RootOrder: 0
  m_LocalEulerAnglesHint: {x: 0, y: 0, z: 0}
--- !u!4 &4232566694551178
Transform:
  m_ObjectHideFlags: 1
  m_PrefabParentObject: {fileID: 0}
  m_PrefabInternal: {fileID: 100100000}
  m_GameObject: {fileID: 1008821612057530}
  m_LocalRotation: {x: -0, y: -0.7071068, z: 0, w: 0.7071068}
  m_LocalPosition: {x: -0.98946, y: 0.001498, z: 0.009331}
  m_LocalScale: {x: 1, y: 1, z: 1}
  m_Children:
  - {fileID: 4265014867050456}
  - {fileID: 4714127590826326}
  - {fileID: 4731219272933160}
  - {fileID: 4277635451167610}
  m_Father: {fileID: 4215680346315490}
  m_RootOrder: 4
  m_LocalEulerAnglesHint: {x: 0, y: 0, z: 0}
--- !u!4 &4243496845304450
Transform:
  m_ObjectHideFlags: 1
  m_PrefabParentObject: {fileID: 0}
  m_PrefabInternal: {fileID: 100100000}
  m_GameObject: {fileID: 1552964203956572}
  m_LocalRotation: {x: 0.000002598939, y: -0.79419947, z: -0.20016024, w: 0.5737448}
  m_LocalPosition: {x: 0.046449, y: 0.0211345, z: -0.1531935}
  m_LocalScale: {x: 0.9999917, y: 0.9999986, z: 0.9999921}
  m_Children:
  - {fileID: 4607587894833794}
  m_Father: {fileID: 4112763158306776}
  m_RootOrder: 0
  m_LocalEulerAnglesHint: {x: 0, y: 0, z: 0}
--- !u!4 &4253825210204980
Transform:
  m_ObjectHideFlags: 1
  m_PrefabParentObject: {fileID: 0}
  m_PrefabInternal: {fileID: 100100000}
  m_GameObject: {fileID: 1618215391653428}
  m_LocalRotation: {x: -0.0000014922595, y: -0.47517842, z: -0.1740188, w: 0.86250967}
  m_LocalPosition: {x: -0.039362, y: -0.008925, z: -0.1471055}
  m_LocalScale: {x: 0.9999921, y: 0.9999988, z: 0.9999921}
  m_Children:
  - {fileID: 4321941193932314}
  m_Father: {fileID: 4101811281546564}
  m_RootOrder: 3
  m_LocalEulerAnglesHint: {x: 0, y: 0, z: 0}
--- !u!4 &4265014867050456
Transform:
  m_ObjectHideFlags: 1
  m_PrefabParentObject: {fileID: 0}
  m_PrefabInternal: {fileID: 100100000}
  m_GameObject: {fileID: 1882389269005304}
  m_LocalRotation: {x: 0, y: -0, z: -0, w: 1}
  m_LocalPosition: {x: 0.170322, y: 0, z: 0.02881}
  m_LocalScale: {x: 1, y: 1, z: 1}
  m_Children: []
  m_Father: {fileID: 4232566694551178}
  m_RootOrder: 0
  m_LocalEulerAnglesHint: {x: 0, y: 0, z: 0}
--- !u!4 &4277635451167610
Transform:
  m_ObjectHideFlags: 1
  m_PrefabParentObject: {fileID: 0}
  m_PrefabInternal: {fileID: 100100000}
  m_GameObject: {fileID: 1115870596635874}
  m_LocalRotation: {x: -0.00000007309591, y: -0.68144834, z: -0.042192012, w: 0.73064905}
  m_LocalPosition: {x: -0.0257515, y: 0.1073315, z: -0.030282}
  m_LocalScale: {x: 0.9999999, y: 1.0000004, z: 0.9999998}
  m_Children:
  - {fileID: 4922605289312930}
  m_Father: {fileID: 4232566694551178}
  m_RootOrder: 3
  m_LocalEulerAnglesHint: {x: 0, y: 0, z: 0}
--- !u!4 &4279437565874470
Transform:
  m_ObjectHideFlags: 1
  m_PrefabParentObject: {fileID: 0}
  m_PrefabInternal: {fileID: 100100000}
  m_GameObject: {fileID: 1760519482381614}
  m_LocalRotation: {x: -0.0000006907018, y: -0.23152542, z: 0.58069545, w: 0.7805055}
  m_LocalPosition: {x: 0.0000005, y: -0.0000005, z: -0.000001}
  m_LocalScale: {x: 0.9999975, y: 0.99999225, z: 0.9999919}
  m_Children:
  - {fileID: 4666476168485286}
  m_Father: {fileID: 4112763158306776}
  m_RootOrder: 5
  m_LocalEulerAnglesHint: {x: 0, y: 0, z: 0}
--- !u!4 &4280362731568468
Transform:
  m_ObjectHideFlags: 1
  m_PrefabParentObject: {fileID: 0}
  m_PrefabInternal: {fileID: 100100000}
  m_GameObject: {fileID: 1929302367029512}
  m_LocalRotation: {x: 0.000002000013, y: 0.000001000008, z: -0.000001000012, w: 1}
  m_LocalPosition: {x: -0.046101, y: 0, z: 0}
  m_LocalScale: {x: 0.99999, y: 0.999994, z: 0.999993}
  m_Children: []
  m_Father: {fileID: 4500162461635904}
  m_RootOrder: 0
  m_LocalEulerAnglesHint: {x: 0, y: 0, z: 0}
--- !u!4 &4303381423990260
Transform:
  m_ObjectHideFlags: 1
  m_PrefabParentObject: {fileID: 0}
  m_PrefabInternal: {fileID: 100100000}
  m_GameObject: {fileID: 1025919220322782}
  m_LocalRotation: {x: 0.18010339, y: -0.06394702, z: 0.26624033, w: 0.9447696}
  m_LocalPosition: {x: -0.037739, y: 0, z: 0}
  m_LocalScale: {x: 0.9999909, y: 0.9999983, z: 0.9999903}
  m_Children:
  - {fileID: 4190179557643546}
  m_Father: {fileID: 4056520409953312}
  m_RootOrder: 0
  m_LocalEulerAnglesHint: {x: 0, y: 0, z: 0}
--- !u!4 &4321941193932314
Transform:
  m_ObjectHideFlags: 1
  m_PrefabParentObject: {fileID: 0}
  m_PrefabInternal: {fileID: 100100000}
  m_GameObject: {fileID: 1477951890485898}
  m_LocalRotation: {x: -0.12365008, y: -0.016540928, z: -0.23050225, w: 0.9650419}
  m_LocalPosition: {x: -0.0249685, y: 0, z: 0}
  m_LocalScale: {x: 0.999993, y: 0.9999944, z: 0.99999076}
  m_Children:
  - {fileID: 4072306525845432}
  m_Father: {fileID: 4253825210204980}
  m_RootOrder: 0
  m_LocalEulerAnglesHint: {x: 0, y: 0, z: 0}
--- !u!4 &4325196760690432
Transform:
  m_ObjectHideFlags: 1
  m_PrefabParentObject: {fileID: 0}
  m_PrefabInternal: {fileID: 100100000}
  m_GameObject: {fileID: 1620698974372320}
  m_LocalRotation: {x: 0.0000023616285, y: -0.6504187, z: 0.24762371, w: 0.7180794}
  m_LocalPosition: {x: 0.2682885, y: -0.66428, z: 0.2438695}
  m_LocalScale: {x: 1.0000004, y: 1, z: 0.99999946}
  m_Children: []
  m_Father: {fileID: 4176663718629052}
  m_RootOrder: 0
  m_LocalEulerAnglesHint: {x: 0, y: 0, z: 0}
--- !u!4 &4379380743997942
Transform:
  m_ObjectHideFlags: 1
  m_PrefabParentObject: {fileID: 0}
  m_PrefabInternal: {fileID: 100100000}
  m_GameObject: {fileID: 1883247760301184}
  m_LocalRotation: {x: -0.18008931, y: -0.0639594, z: -0.266221, w: 0.9447769}
  m_LocalPosition: {x: -0.037675, y: 0, z: 0}
  m_LocalScale: {x: 0.99999154, y: 0.9999985, z: 0.9999902}
  m_Children:
  - {fileID: 4185337732334018}
  m_Father: {fileID: 4902940739813802}
  m_RootOrder: 0
  m_LocalEulerAnglesHint: {x: 0, y: 0, z: 0}
--- !u!4 &4412597082280988
Transform:
  m_ObjectHideFlags: 1
  m_PrefabParentObject: {fileID: 0}
  m_PrefabInternal: {fileID: 100100000}
  m_GameObject: {fileID: 1004728307148072}
  m_LocalRotation: {x: -0.005949417, y: 0.008635284, z: -0.009637682, w: 0.9998986}
  m_LocalPosition: {x: -0.041196, y: 0, z: 0}
  m_LocalScale: {x: 0.9999919, y: 0.9999936, z: 0.99999374}
  m_Children:
  - {fileID: 4903805611972884}
  m_Father: {fileID: 4791811511290946}
  m_RootOrder: 0
  m_LocalEulerAnglesHint: {x: 0, y: 0, z: 0}
--- !u!4 &4464849028200230
Transform:
  m_ObjectHideFlags: 1
  m_PrefabParentObject: {fileID: 0}
  m_PrefabInternal: {fileID: 100100000}
  m_GameObject: {fileID: 1577928983385558}
  m_LocalRotation: {x: -0.03565504, y: -0.47455367, z: -0.06767471, w: 0.8768967}
  m_LocalPosition: {x: -0.392497, y: 0, z: 0}
  m_LocalScale: {x: 1.0000001, y: 1.0000004, z: 0.9999998}
  m_Children:
  - {fileID: 4717370437763158}
  m_Father: {fileID: 4922605289312930}
  m_RootOrder: 0
  m_LocalEulerAnglesHint: {x: 0, y: 0, z: 0}
--- !u!4 &4475247124225464
Transform:
  m_ObjectHideFlags: 1
  m_PrefabParentObject: {fileID: 0}
  m_PrefabInternal: {fileID: 100100000}
  m_GameObject: {fileID: 1957747068417926}
  m_LocalRotation: {x: 0, y: 0, z: -0.000001000011, w: 1}
  m_LocalPosition: {x: -0.028256, y: 0, z: 0}
  m_LocalScale: {x: 0.999989, y: 0.999997, z: 0.99999}
  m_Children: []
  m_Father: {fileID: 4619956295981244}
  m_RootOrder: 0
  m_LocalEulerAnglesHint: {x: 0, y: 0, z: 0}
--- !u!4 &4500162461635904
Transform:
  m_ObjectHideFlags: 1
  m_PrefabParentObject: {fileID: 0}
  m_PrefabInternal: {fileID: 100100000}
  m_GameObject: {fileID: 1268034578613096}
  m_LocalRotation: {x: 0.0059652096, y: 0.008643036, z: 0.009653505, w: 0.9998983}
  m_LocalPosition: {x: -0.041095, y: 0, z: 0}
  m_LocalScale: {x: 0.9999918, y: 0.9999936, z: 0.9999944}
  m_Children:
  - {fileID: 4280362731568468}
  m_Father: {fileID: 4585306089232098}
  m_RootOrder: 0
  m_LocalEulerAnglesHint: {x: 0, y: 0, z: 0}
--- !u!4 &4501311554445868
Transform:
  m_ObjectHideFlags: 1
  m_PrefabParentObject: {fileID: 0}
  m_PrefabInternal: {fileID: 100100000}
  m_GameObject: {fileID: 1961513417830722}
  m_LocalRotation: {x: -0.00000035602812, y: -0.7852622, z: 0.00000035600902, w: 0.61916333}
  m_LocalPosition: {x: -0.072541, y: -0.078941, z: -0.004826}
  m_LocalScale: {x: 0.9999937, y: 1, z: 0.9999937}
  m_Children: []
  m_Father: {fileID: 4823491454265994}
  m_RootOrder: 1
  m_LocalEulerAnglesHint: {x: 0, y: 0, z: 0}
--- !u!4 &4502332474729056
Transform:
  m_ObjectHideFlags: 1
  m_PrefabParentObject: {fileID: 0}
  m_PrefabInternal: {fileID: 100100000}
  m_GameObject: {fileID: 1392813041784308}
  m_LocalRotation: {x: -0.000001000001, y: -1.000012e-12, z: 0.000001000011, w: 1}
  m_LocalPosition: {x: -0.02831, y: 0, z: 0}
  m_LocalScale: {x: 0.999989, y: 0.999999, z: 0.999989}
  m_Children: []
  m_Father: {fileID: 4739532767916356}
  m_RootOrder: 0
  m_LocalEulerAnglesHint: {x: 0, y: 0, z: 0}
--- !u!4 &4503758553954764
Transform:
  m_ObjectHideFlags: 1
  m_PrefabParentObject: {fileID: 0}
  m_PrefabInternal: {fileID: 100100000}
  m_GameObject: {fileID: 1157341743853852}
  m_LocalRotation: {x: -0.2483508, y: 0.051919956, z: -0.19250157, w: 0.94792897}
  m_LocalPosition: {x: -0.0319335, y: 0, z: 0}
  m_LocalScale: {x: 0.9999914, y: 0.99999917, z: 0.9999908}
  m_Children:
  - {fileID: 4184271035322750}
  m_Father: {fileID: 4700895387852082}
  m_RootOrder: 0
  m_LocalEulerAnglesHint: {x: 0, y: 0, z: 0}
--- !u!4 &4523979733722856
Transform:
  m_ObjectHideFlags: 1
  m_PrefabParentObject: {fileID: 0}
  m_PrefabInternal: {fileID: 100100000}
  m_GameObject: {fileID: 1254034542419544}
  m_LocalRotation: {x: 0, y: -0, z: -0, w: 1}
  m_LocalPosition: {x: 0.024061, y: 0.0585375, z: -0.105475}
  m_LocalScale: {x: 0.999993, y: 1, z: 0.999993}
  m_Children: []
  m_Father: {fileID: 4699177101405242}
  m_RootOrder: 0
  m_LocalEulerAnglesHint: {x: 0, y: 0, z: 0}
--- !u!4 &4537265236138384
Transform:
  m_ObjectHideFlags: 1
  m_PrefabParentObject: {fileID: 0}
  m_PrefabInternal: {fileID: 100100000}
  m_GameObject: {fileID: 1121241693844976}
  m_LocalRotation: {x: -0.003359099, y: 0.045491878, z: -0.006418005, w: 0.99893844}
  m_LocalPosition: {x: -0.40184, y: 0, z: 0}
  m_LocalScale: {x: 0.9999994, y: 0.99999994, z: 0.9999996}
  m_Children:
  - {fileID: 4969154814290712}
  m_Father: {fileID: 4731219272933160}
  m_RootOrder: 0
  m_LocalEulerAnglesHint: {x: 0, y: 0, z: 0}
--- !u!4 &4555781401256452
Transform:
  m_ObjectHideFlags: 1
  m_PrefabParentObject: {fileID: 0}
  m_PrefabInternal: {fileID: 100100000}
  m_GameObject: {fileID: 1222885357627430}
  m_LocalRotation: {x: -0, y: -0.7071068, z: 0, w: 0.7071068}
  m_LocalPosition: {x: -0, y: 0, z: 0}
  m_LocalScale: {x: 1, y: 1, z: 1}
  m_Children:
  - {fileID: 4057078766525076}
  - {fileID: 4829333841477130}
  m_Father: {fileID: 4215680346315490}
  m_RootOrder: 2
  m_LocalEulerAnglesHint: {x: 0, y: 0, z: 0}
--- !u!4 &4557847618754754
Transform:
  m_ObjectHideFlags: 1
  m_PrefabParentObject: {fileID: 0}
  m_PrefabInternal: {fileID: 100100000}
  m_GameObject: {fileID: 1670831031511080}
  m_LocalRotation: {x: 0, y: -0, z: -0, w: 1}
  m_LocalPosition: {x: -0, y: 0, z: 0}
  m_LocalScale: {x: 1, y: 1, z: 1}
  m_Children: []
  m_Father: {fileID: 4960350103382036}
  m_RootOrder: 0
  m_LocalEulerAnglesHint: {x: 0, y: 0, z: 0}
--- !u!4 &4564803424913754
Transform:
  m_ObjectHideFlags: 1
  m_PrefabParentObject: {fileID: 0}
  m_PrefabInternal: {fileID: 100100000}
  m_GameObject: {fileID: 1847241681482342}
  m_LocalRotation: {x: 0, y: -0, z: -0, w: 1}
  m_LocalPosition: {x: -0, y: 0, z: 0}
  m_LocalScale: {x: 1, y: 1, z: 1}
  m_Children:
  - {fileID: 4215680346315490}
  m_Father: {fileID: 4062186908960644}
  m_RootOrder: 0
  m_LocalEulerAnglesHint: {x: 0, y: 0, z: 0}
--- !u!4 &4576904210855486
Transform:
  m_ObjectHideFlags: 1
  m_PrefabParentObject: {fileID: 0}
  m_PrefabInternal: {fileID: 100100000}
  m_GameObject: {fileID: 1788746167150140}
  m_LocalRotation: {x: 0.123669416, y: -0.01653815, z: 0.23053345, w: 0.965032}
  m_LocalPosition: {x: -0.0250185, y: 0, z: 0}
  m_LocalScale: {x: 0.9999937, y: 0.999994, z: 0.99999124}
  m_Children:
  - {fileID: 4135367312585578}
  m_Father: {fileID: 4835147877698274}
  m_RootOrder: 0
  m_LocalEulerAnglesHint: {x: 0, y: 0, z: 0}
--- !u!4 &4585306089232098
Transform:
  m_ObjectHideFlags: 1
  m_PrefabParentObject: {fileID: 0}
  m_PrefabInternal: {fileID: 100100000}
  m_GameObject: {fileID: 1742725371618070}
  m_LocalRotation: {x: -0.0000015607956, y: 0.7308815, z: 0.48557386, w: -0.4796147}
  m_LocalPosition: {x: 0.044731, y: 0.0007645, z: -0.0634495}
  m_LocalScale: {x: 0.99999356, y: 0.99999475, z: 0.9999958}
  m_Children:
  - {fileID: 4500162461635904}
  m_Father: {fileID: 4101811281546564}
  m_RootOrder: 4
  m_LocalEulerAnglesHint: {x: 0, y: 0, z: 0}
--- !u!4 &4593643753731574
Transform:
  m_ObjectHideFlags: 1
  m_PrefabParentObject: {fileID: 0}
  m_PrefabInternal: {fileID: 100100000}
  m_GameObject: {fileID: 1689023972939758}
  m_LocalRotation: {x: 0, y: -0, z: -0, w: 1}
  m_LocalPosition: {x: -0.129623, y: 0, z: 0}
  m_LocalScale: {x: 0.999999, y: 1, z: 0.999999}
  m_Children:
  - {fileID: 4811193057945876}
  - {fileID: 4185800106662080}
  - {fileID: 4653190632313086}
  m_Father: {fileID: 4714127590826326}
  m_RootOrder: 0
  m_LocalEulerAnglesHint: {x: 0, y: 0, z: 0}
--- !u!4 &4606516964867444
Transform:
  m_ObjectHideFlags: 1
  m_PrefabParentObject: {fileID: 0}
  m_PrefabInternal: {fileID: 100100000}
  m_GameObject: {fileID: 1605202981476720}
  m_LocalRotation: {x: 8.5996264e-17, y: -0.7852622, z: 8.5996264e-17, w: 0.61916333}
  m_LocalPosition: {x: -0.0353745, y: -0.001498, z: -0.1288425}
  m_LocalScale: {x: 0.9999937, y: 1, z: 0.9999937}
  m_Children: []
  m_Father: {fileID: 4823491454265994}
  m_RootOrder: 3
  m_LocalEulerAnglesHint: {x: 0, y: 0, z: 0}
--- !u!4 &4606651150790106
Transform:
  m_ObjectHideFlags: 1
  m_PrefabParentObject: {fileID: 0}
  m_PrefabInternal: {fileID: 100100000}
  m_GameObject: {fileID: 1732958445075448}
  m_LocalRotation: {x: 0, y: -0, z: -0, w: 1}
  m_LocalPosition: {x: -0.050155, y: 0, z: 0}
  m_LocalScale: {x: 0.999992, y: 1, z: 0.999992}
  m_Children: []
  m_Father: {fileID: 4001140212823294}
  m_RootOrder: 0
  m_LocalEulerAnglesHint: {x: 0, y: 0, z: 0}
--- !u!4 &4607587894833794
Transform:
  m_ObjectHideFlags: 1
  m_PrefabParentObject: {fileID: 0}
  m_PrefabInternal: {fileID: 100100000}
  m_GameObject: {fileID: 1030796679745436}
  m_LocalRotation: {x: 0.24838053, y: 0.051928744, z: 0.1925235, w: 0.94791627}
  m_LocalPosition: {x: -0.032017, y: 0, z: 0}
  m_LocalScale: {x: 0.99999106, y: 0.9999996, z: 0.999991}
  m_Children:
  - {fileID: 4786224907578358}
  m_Father: {fileID: 4243496845304450}
  m_RootOrder: 0
  m_LocalEulerAnglesHint: {x: 0, y: 0, z: 0}
--- !u!4 &4619662423333068
Transform:
  m_ObjectHideFlags: 1
  m_PrefabParentObject: {fileID: 0}
  m_PrefabInternal: {fileID: 100100000}
  m_GameObject: {fileID: 1352409055262590}
  m_LocalRotation: {x: 0, y: -0, z: -0, w: 1}
  m_LocalPosition: {x: -0.022293, y: 0.0664685, z: 0.110362}
  m_LocalScale: {x: 0.999997, y: 1, z: 0.999997}
  m_Children:
  - {fileID: 4065693848442580}
  - {fileID: 4969752901434274}
  m_Father: {fileID: 4653190632313086}
  m_RootOrder: 1
  m_LocalEulerAnglesHint: {x: 0, y: 0, z: 0}
--- !u!4 &4619956295981244
Transform:
  m_ObjectHideFlags: 1
  m_PrefabParentObject: {fileID: 0}
  m_PrefabInternal: {fileID: 100100000}
  m_GameObject: {fileID: 1072756021511862}
  m_LocalRotation: {x: -0.23087403, y: 0.004834109, z: -0.24347812, w: 0.942015}
  m_LocalPosition: {x: -0.0487875, y: 0, z: 0}
  m_LocalScale: {x: 0.9999908, y: 0.99999815, z: 0.999991}
  m_Children:
  - {fileID: 4475247124225464}
  m_Father: {fileID: 4997192129770748}
  m_RootOrder: 0
  m_LocalEulerAnglesHint: {x: 0, y: 0, z: 0}
--- !u!4 &4651135496050450
Transform:
  m_ObjectHideFlags: 1
  m_PrefabParentObject: {fileID: 0}
  m_PrefabInternal: {fileID: 100100000}
  m_GameObject: {fileID: 1151088234376138}
  m_LocalRotation: {x: 0, y: -0, z: -0, w: 1}
  m_LocalPosition: {x: -0, y: -0.0000005, z: 0}
  m_LocalScale: {x: 0.999994, y: 1, z: 0.999994}
  m_Children: []
  m_Father: {fileID: 4969752901434274}
  m_RootOrder: 0
  m_LocalEulerAnglesHint: {x: 0, y: 0, z: 0}
--- !u!4 &4653190632313086
Transform:
  m_ObjectHideFlags: 1
  m_PrefabParentObject: {fileID: 0}
  m_PrefabInternal: {fileID: 100100000}
  m_GameObject: {fileID: 1650170974320508}
  m_LocalRotation: {x: 0, y: -0.68310946, z: -0, w: 0.7303161}
  m_LocalPosition: {x: -0.129412, y: 0, z: -0.004233}
  m_LocalScale: {x: 0.99999845, y: 1, z: 0.99999845}
  m_Children:
  - {fileID: 4873063580141250}
  - {fileID: 4619662423333068}
  - {fileID: 4057536281501448}
  m_Father: {fileID: 4593643753731574}
  m_RootOrder: 2
  m_LocalEulerAnglesHint: {x: 0, y: 0, z: 0}
--- !u!4 &4660592439899796
Transform:
  m_ObjectHideFlags: 1
  m_PrefabParentObject: {fileID: 0}
  m_PrefabInternal: {fileID: 100100000}
  m_GameObject: {fileID: 1603575726212006}
  m_LocalRotation: {x: 0.17509726, y: -0.04784729, z: -0.17509733, w: 0.9676738}
  m_LocalPosition: {x: -0, y: 0, z: 0}
  m_LocalScale: {x: 0.9999999, y: 1.0000001, z: 0.99999976}
  m_Children:
  - {fileID: 4176663718629052}
  m_Father: {fileID: 4215680346315490}
  m_RootOrder: 3
  m_LocalEulerAnglesHint: {x: 0, y: 0, z: 0}
--- !u!4 &4666476168485286
Transform:
  m_ObjectHideFlags: 1
  m_PrefabParentObject: {fileID: 0}
  m_PrefabInternal: {fileID: 100100000}
  m_GameObject: {fileID: 1833265658616500}
  m_LocalRotation: {x: -1.000008e-12, y: 0.000001000004, z: 0.000001000004, w: 1}
  m_LocalPosition: {x: -0.025547, y: 0, z: 0}
  m_LocalScale: {x: 0.999996, y: 0.999992, z: 0.99999}
  m_Children: []
  m_Father: {fileID: 4279437565874470}
  m_RootOrder: 0
  m_LocalEulerAnglesHint: {x: 0, y: 0, z: 0}
--- !u!4 &4677052790418220
Transform:
  m_ObjectHideFlags: 1
  m_PrefabParentObject: {fileID: 0}
  m_PrefabInternal: {fileID: 100100000}
  m_GameObject: {fileID: 1125168642164086}
  m_LocalRotation: {x: 0, y: 0, z: 0, w: 1}
  m_LocalPosition: {x: 0, y: 0, z: 0}
  m_LocalScale: {x: 1, y: 1, z: 1}
  m_Children: []
  m_Father: {fileID: 4062186908960644}
  m_RootOrder: 2
  m_LocalEulerAnglesHint: {x: 0, y: 0, z: 0}
--- !u!4 &4693086484977804
Transform:
  m_ObjectHideFlags: 1
  m_PrefabParentObject: {fileID: 0}
  m_PrefabInternal: {fileID: 100100000}
  m_GameObject: {fileID: 1672451658770546}
  m_LocalRotation: {x: 0, y: -0, z: -0, w: 1}
  m_LocalPosition: {x: -0.1809985, y: 0, z: 0}
  m_LocalScale: {x: 0.999999, y: 0.999999, z: 0.999999}
  m_Children: []
  m_Father: {fileID: 4969154814290712}
  m_RootOrder: 0
  m_LocalEulerAnglesHint: {x: 0, y: 0, z: 0}
--- !u!4 &4699177101405242
Transform:
  m_ObjectHideFlags: 1
  m_PrefabParentObject: {fileID: 0}
  m_PrefabInternal: {fileID: 100100000}
  m_GameObject: {fileID: 1834144520818468}
  m_LocalRotation: {x: 0, y: -0, z: -0, w: 1}
  m_LocalPosition: {x: -0.023929, y: 0.121266, z: -0.25373}
  m_LocalScale: {x: 0.999994, y: 1, z: 0.999994}
  m_Children:
  - {fileID: 4523979733722856}
  - {fileID: 4112763158306776}
  m_Father: {fileID: 4969752901434274}
  m_RootOrder: 1
  m_LocalEulerAnglesHint: {x: 0, y: 0, z: 0}
--- !u!4 &4700895387852082
Transform:
  m_ObjectHideFlags: 1
  m_PrefabParentObject: {fileID: 0}
  m_PrefabInternal: {fileID: 100100000}
  m_GameObject: {fileID: 1696482206746730}
  m_LocalRotation: {x: -0.0000025353866, y: -0.7942005, z: 0.20010716, w: 0.5737619}
  m_LocalPosition: {x: 0.0462235, y: -0.020995, z: -0.152884}
  m_LocalScale: {x: 0.9999924, y: 0.9999991, z: 0.99999166}
  m_Children:
  - {fileID: 4503758553954764}
  m_Father: {fileID: 4101811281546564}
  m_RootOrder: 0
  m_LocalEulerAnglesHint: {x: 0, y: 0, z: 0}
--- !u!4 &4714127590826326
Transform:
  m_ObjectHideFlags: 1
  m_PrefabParentObject: {fileID: 0}
  m_PrefabInternal: {fileID: 100100000}
  m_GameObject: {fileID: 1390714939001594}
  m_LocalRotation: {x: 0, y: 0.68310946, z: -0, w: 0.7303161}
  m_LocalPosition: {x: -0.000102, y: 0, z: 0.1255725}
  m_LocalScale: {x: 0.99999946, y: 1, z: 0.99999946}
  m_Children:
  - {fileID: 4593643753731574}
  m_Father: {fileID: 4232566694551178}
  m_RootOrder: 1
  m_LocalEulerAnglesHint: {x: 0, y: 0, z: 0}
--- !u!4 &4717370437763158
Transform:
  m_ObjectHideFlags: 1
  m_PrefabParentObject: {fileID: 0}
  m_PrefabInternal: {fileID: 100100000}
  m_GameObject: {fileID: 1177202408900910}
  m_LocalRotation: {x: 0, y: -0, z: -0, w: 1}
  m_LocalPosition: {x: -0.1809985, y: 0, z: 0}
  m_LocalScale: {x: 1, y: 1, z: 0.999999}
  m_Children: []
  m_Father: {fileID: 4464849028200230}
  m_RootOrder: 0
  m_LocalEulerAnglesHint: {x: 0, y: 0, z: 0}
--- !u!4 &4731219272933160
Transform:
  m_ObjectHideFlags: 1
  m_PrefabParentObject: {fileID: 0}
  m_PrefabInternal: {fileID: 100100000}
  m_GameObject: {fileID: 1068099429975664}
  m_LocalRotation: {x: 0.0000020621203, y: -0.6814484, z: 0.04219114, w: 0.73064905}
  m_LocalPosition: {x: -0.0257515, y: -0.1073315, z: -0.030281}
  m_LocalScale: {x: 0.99999964, y: 0.9999998, z: 0.9999996}
  m_Children:
  - {fileID: 4537265236138384}
  m_Father: {fileID: 4232566694551178}
  m_RootOrder: 2
  m_LocalEulerAnglesHint: {x: 0, y: 0, z: 0}
--- !u!4 &4739532767916356
Transform:
  m_ObjectHideFlags: 1
  m_PrefabParentObject: {fileID: 0}
  m_PrefabInternal: {fileID: 100100000}
  m_GameObject: {fileID: 1024448738464092}
  m_LocalRotation: {x: 0.23089448, y: 0.0047986107, z: 0.24349767, w: 0.9420051}
  m_LocalPosition: {x: -0.0488485, y: 0, z: 0}
  m_LocalScale: {x: 0.99999124, y: 0.9999984, z: 0.9999912}
  m_Children:
  - {fileID: 4502332474729056}
  m_Father: {fileID: 4850134125750964}
  m_RootOrder: 0
  m_LocalEulerAnglesHint: {x: 0, y: 0, z: 0}
--- !u!4 &4786224907578358
Transform:
  m_ObjectHideFlags: 1
  m_PrefabParentObject: {fileID: 0}
  m_PrefabInternal: {fileID: 100100000}
  m_GameObject: {fileID: 1287171456534458}
  m_LocalRotation: {x: -0.000001000001, y: -5.00006e-13, z: 0.0000005000055, w: 1}
  m_LocalPosition: {x: -0.0374675, y: 0, z: 0}
  m_LocalScale: {x: 0.999989, y: 0.999999, z: 0.99999}
  m_Children: []
  m_Father: {fileID: 4607587894833794}
  m_RootOrder: 0
  m_LocalEulerAnglesHint: {x: 0, y: 0, z: 0}
--- !u!4 &4791811511290946
Transform:
  m_ObjectHideFlags: 1
  m_PrefabParentObject: {fileID: 0}
  m_PrefabInternal: {fileID: 100100000}
  m_GameObject: {fileID: 1449940896755156}
  m_LocalRotation: {x: 0.0000021513158, y: 0.7308825, z: -0.48554346, w: -0.47964388}
  m_LocalPosition: {x: 0.044872, y: -0.0008045, z: -0.0635295}
  m_LocalScale: {x: 0.9999935, y: 0.9999938, z: 0.99999565}
  m_Children:
  - {fileID: 4412597082280988}
  m_Father: {fileID: 4112763158306776}
  m_RootOrder: 4
  m_LocalEulerAnglesHint: {x: 0, y: 0, z: 0}
--- !u!4 &4805085895542972
Transform:
  m_ObjectHideFlags: 1
  m_PrefabParentObject: {fileID: 0}
  m_PrefabInternal: {fileID: 100100000}
  m_GameObject: {fileID: 1137552125196440}
  m_LocalRotation: {x: 0, y: -0, z: -0, w: 1}
  m_LocalPosition: {x: 0.0240495, y: -0.058501, z: -0.105497}
  m_LocalScale: {x: 0.999993, y: 1, z: 0.999993}
  m_Children: []
  m_Father: {fileID: 4825719093894136}
  m_RootOrder: 0
  m_LocalEulerAnglesHint: {x: 0, y: 0, z: 0}
--- !u!4 &4811193057945876
Transform:
  m_ObjectHideFlags: 1
  m_PrefabParentObject: {fileID: 0}
  m_PrefabInternal: {fileID: 100100000}
  m_GameObject: {fileID: 1354019739615356}
  m_LocalRotation: {x: 0.00000070748604, y: -0.68310905, z: -0.00000070751713, w: 0.7303164}
  m_LocalPosition: {x: -0.4647715, y: -0.1558005, z: -0.2581735}
  m_LocalScale: {x: 0.9999985, y: 1, z: 0.9999985}
  m_Children: []
  m_Father: {fileID: 4593643753731574}
  m_RootOrder: 0
  m_LocalEulerAnglesHint: {x: 0, y: 0, z: 0}
--- !u!4 &4823491454265994
Transform:
  m_ObjectHideFlags: 1
  m_PrefabParentObject: {fileID: 0}
  m_PrefabInternal: {fileID: 100100000}
  m_GameObject: {fileID: 1691129253308362}
  m_LocalRotation: {x: 0, y: -0, z: -0, w: 1}
  m_LocalPosition: {x: -0.117147, y: 0, z: 0}
  m_LocalScale: {x: 0.999996, y: 1, z: 0.999996}
  m_Children:
  - {fileID: 4001140212823294}
  - {fileID: 4501311554445868}
  - {fileID: 4828104747026264}
  - {fileID: 4606516964867444}
  m_Father: {fileID: 4057536281501448}
  m_RootOrder: 0
  m_LocalEulerAnglesHint: {x: 0, y: 0, z: 0}
--- !u!4 &4825719093894136
Transform:
  m_ObjectHideFlags: 1
  m_PrefabParentObject: {fileID: 0}
  m_PrefabInternal: {fileID: 100100000}
  m_GameObject: {fileID: 1708515110121486}
  m_LocalRotation: {x: 0, y: -0, z: -0, w: 1}
  m_LocalPosition: {x: -0.0238485, y: -0.120885, z: -0.252811}
  m_LocalScale: {x: 0.999994, y: 1, z: 0.999994}
  m_Children:
  - {fileID: 4805085895542972}
  - {fileID: 4101811281546564}
  m_Father: {fileID: 4091029689559876}
  m_RootOrder: 1
  m_LocalEulerAnglesHint: {x: 0, y: 0, z: 0}
--- !u!4 &4828104747026264
Transform:
  m_ObjectHideFlags: 1
  m_PrefabParentObject: {fileID: 0}
  m_PrefabInternal: {fileID: 100100000}
  m_GameObject: {fileID: 1712788503464794}
  m_LocalRotation: {x: -0.00000035602812, y: -0.7852622, z: 0.00000035600902, w: 0.61916333}
  m_LocalPosition: {x: -0.072535, y: 0.0789395, z: -0.0048245}
  m_LocalScale: {x: 0.9999937, y: 1, z: 0.9999937}
  m_Children: []
  m_Father: {fileID: 4823491454265994}
  m_RootOrder: 2
  m_LocalEulerAnglesHint: {x: 0, y: 0, z: 0}
--- !u!4 &4829333841477130
Transform:
  m_ObjectHideFlags: 1
  m_PrefabParentObject: {fileID: 0}
  m_PrefabInternal: {fileID: 100100000}
  m_GameObject: {fileID: 1364381203151860}
  m_LocalRotation: {x: 0, y: -0, z: -0, w: 1}
  m_LocalPosition: {x: -0.1059055, y: 0.1546185, z: 0.172076}
  m_LocalScale: {x: 1, y: 1, z: 1}
  m_Children: []
  m_Father: {fileID: 4555781401256452}
  m_RootOrder: 1
  m_LocalEulerAnglesHint: {x: 0, y: 0, z: 0}
--- !u!4 &4835147877698274
Transform:
  m_ObjectHideFlags: 1
  m_PrefabParentObject: {fileID: 0}
  m_PrefabInternal: {fileID: 100100000}
  m_GameObject: {fileID: 1896213777596034}
  m_LocalRotation: {x: 0.000001239522, y: -0.47518304, z: 0.173977, w: 0.86251557}
  m_LocalPosition: {x: -0.039402, y: 0.0091085, z: -0.147448}
  m_LocalScale: {x: 0.9999915, y: 0.99999875, z: 0.9999918}
  m_Children:
  - {fileID: 4576904210855486}
  m_Father: {fileID: 4112763158306776}
  m_RootOrder: 3
  m_LocalEulerAnglesHint: {x: 0, y: 0, z: 0}
--- !u!4 &4850134125750964
Transform:
  m_ObjectHideFlags: 1
  m_PrefabParentObject: {fileID: 0}
  m_PrefabInternal: {fileID: 100100000}
  m_GameObject: {fileID: 1723575966845198}
  m_LocalRotation: {x: 0.0000004089999, y: -0.68014973, z: -0.16699184, w: 0.7137998}
  m_LocalPosition: {x: 0.013724, y: 0.030519, z: -0.155207}
  m_LocalScale: {x: 0.9999915, y: 0.99999905, z: 0.99999154}
  m_Children:
  - {fileID: 4739532767916356}
  m_Father: {fileID: 4112763158306776}
  m_RootOrder: 1
  m_LocalEulerAnglesHint: {x: 0, y: 0, z: 0}
--- !u!4 &4873063580141250
Transform:
  m_ObjectHideFlags: 1
  m_PrefabParentObject: {fileID: 0}
  m_PrefabInternal: {fileID: 100100000}
  m_GameObject: {fileID: 1163964569271942}
  m_LocalRotation: {x: 0, y: -0, z: -0, w: 1}
  m_LocalPosition: {x: -0.0222605, y: -0.0663615, z: 0.109598}
  m_LocalScale: {x: 0.999997, y: 1, z: 0.999997}
  m_Children:
  - {fileID: 4989754334459832}
  - {fileID: 4091029689559876}
  m_Father: {fileID: 4653190632313086}
  m_RootOrder: 0
  m_LocalEulerAnglesHint: {x: 0, y: 0, z: 0}
--- !u!4 &4902940739813802
Transform:
  m_ObjectHideFlags: 1
  m_PrefabParentObject: {fileID: 0}
  m_PrefabInternal: {fileID: 100100000}
  m_GameObject: {fileID: 1057241093990938}
  m_LocalRotation: {x: 0.0000017714356, y: -0.5266963, z: 0.15897444, w: 0.83505577}
  m_LocalPosition: {x: -0.020435, y: -0.0277285, z: -0.1574475}
  m_LocalScale: {x: 0.99999183, y: 0.99999946, z: 0.9999916}
  m_Children:
  - {fileID: 4379380743997942}
  m_Father: {fileID: 4101811281546564}
  m_RootOrder: 2
  m_LocalEulerAnglesHint: {x: 0, y: 0, z: 0}
--- !u!4 &4903805611972884
Transform:
  m_ObjectHideFlags: 1
  m_PrefabParentObject: {fileID: 0}
  m_PrefabInternal: {fileID: 100100000}
  m_GameObject: {fileID: 1524852494958676}
  m_LocalRotation: {x: -0.0000005000045, y: 0.0000010000095, z: 0.0000010000105, w: 1}
  m_LocalPosition: {x: -0.0461815, y: 0, z: 0}
  m_LocalScale: {x: 0.99999, y: 0.999993, z: 0.999992}
  m_Children: []
  m_Father: {fileID: 4412597082280988}
  m_RootOrder: 0
  m_LocalEulerAnglesHint: {x: 0, y: 0, z: 0}
--- !u!4 &4904075269921358
Transform:
  m_ObjectHideFlags: 1
  m_PrefabParentObject: {fileID: 0}
  m_PrefabInternal: {fileID: 100100000}
  m_GameObject: {fileID: 1377050874384696}
  m_LocalRotation: {x: 0.0000005928617, y: -0.23160759, z: -0.5807398, w: 0.7804481}
  m_LocalPosition: {x: -0.0000005, y: -0.0000005, z: -0.0000005}
  m_LocalScale: {x: 0.99999803, y: 0.99999267, z: 0.9999917}
  m_Children:
  - {fileID: 4165878895185886}
  m_Father: {fileID: 4101811281546564}
  m_RootOrder: 5
  m_LocalEulerAnglesHint: {x: 0, y: 0, z: 0}
--- !u!4 &4922605289312930
Transform:
  m_ObjectHideFlags: 1
  m_PrefabParentObject: {fileID: 0}
  m_PrefabInternal: {fileID: 100100000}
  m_GameObject: {fileID: 1046179113547830}
  m_LocalRotation: {x: 0.0033586016, y: 0.045491334, z: 0.006418024, w: 0.9989385}
  m_LocalPosition: {x: -0.4018385, y: 0, z: 0}
  m_LocalScale: {x: 1.0000004, y: 0.99999994, z: 1.0000006}
  m_Children:
  - {fileID: 4464849028200230}
  m_Father: {fileID: 4277635451167610}
  m_RootOrder: 0
  m_LocalEulerAnglesHint: {x: 0, y: 0, z: 0}
--- !u!4 &4960350103382036
Transform:
  m_ObjectHideFlags: 1
  m_PrefabParentObject: {fileID: 0}
  m_PrefabInternal: {fileID: 100100000}
  m_GameObject: {fileID: 1039968639734052}
  m_LocalRotation: {x: -0, y: -0.7071068, z: 0, w: 0.7071068}
  m_LocalPosition: {x: -0, y: 0, z: 0}
  m_LocalScale: {x: 1, y: 1, z: 1}
  m_Children:
  - {fileID: 4557847618754754}
  m_Father: {fileID: 4215680346315490}
  m_RootOrder: 1
  m_LocalEulerAnglesHint: {x: 0, y: 0, z: 0}
--- !u!4 &4969154814290712
Transform:
  m_ObjectHideFlags: 1
  m_PrefabParentObject: {fileID: 0}
  m_PrefabInternal: {fileID: 100100000}
  m_GameObject: {fileID: 1513954551737154}
  m_LocalRotation: {x: 0.035651732, y: -0.47455472, z: 0.06766846, w: 0.8768967}
  m_LocalPosition: {x: -0.392496, y: 0, z: 0}
  m_LocalScale: {x: 0.9999989, y: 0.99999917, z: 0.99999887}
  m_Children:
  - {fileID: 4693086484977804}
  m_Father: {fileID: 4537265236138384}
  m_RootOrder: 0
  m_LocalEulerAnglesHint: {x: 0, y: 0, z: 0}
--- !u!4 &4969752901434274
Transform:
  m_ObjectHideFlags: 1
  m_PrefabParentObject: {fileID: 0}
  m_PrefabInternal: {fileID: 100100000}
  m_GameObject: {fileID: 1607282158509822}
  m_LocalRotation: {x: 0, y: -0, z: -0, w: 1}
  m_LocalPosition: {x: -0.022113, y: 0.0765645, z: -0.0237755}
  m_LocalScale: {x: 0.999996, y: 1, z: 0.999996}
  m_Children:
  - {fileID: 4651135496050450}
  - {fileID: 4699177101405242}
  m_Father: {fileID: 4619662423333068}
  m_RootOrder: 1
  m_LocalEulerAnglesHint: {x: 0, y: 0, z: 0}
--- !u!4 &4989754334459832
Transform:
  m_ObjectHideFlags: 1
  m_PrefabParentObject: {fileID: 0}
  m_PrefabInternal: {fileID: 100100000}
  m_GameObject: {fileID: 1519004125972136}
  m_LocalRotation: {x: 0, y: -0, z: -0, w: 1}
  m_LocalPosition: {x: -0.043778, y: -0.1395625, z: -0.0692215}
  m_LocalScale: {x: 0.999996, y: 1, z: 0.999996}
  m_Children: []
  m_Father: {fileID: 4873063580141250}
  m_RootOrder: 0
  m_LocalEulerAnglesHint: {x: 0, y: 0, z: 0}
--- !u!4 &4997192129770748
Transform:
  m_ObjectHideFlags: 1
  m_PrefabParentObject: {fileID: 0}
  m_PrefabInternal: {fileID: 100100000}
  m_GameObject: {fileID: 1639352126476222}
  m_LocalRotation: {x: -0.00000072838395, y: -0.6801655, z: 0.16693522, w: 0.71379805}
  m_LocalPosition: {x: 0.013591, y: -0.03034, z: -0.1548845}
  m_LocalScale: {x: 0.99999154, y: 0.9999992, z: 0.9999923}
  m_Children:
  - {fileID: 4619956295981244}
  m_Father: {fileID: 4101811281546564}
  m_RootOrder: 1
  m_LocalEulerAnglesHint: {x: 0, y: 0, z: 0}
--- !u!95 &95519077292522234
Animator:
  serializedVersion: 3
  m_ObjectHideFlags: 1
  m_PrefabParentObject: {fileID: 0}
  m_PrefabInternal: {fileID: 100100000}
  m_GameObject: {fileID: 1319622608888132}
  m_Enabled: 1
  m_Avatar: {fileID: 9000000, guid: c78068908f8aadb45a12635af21fcb1d, type: 3}
  m_Controller: {fileID: 9100000, guid: 4da1d64bb34b3413fa4e86016008f390, type: 2}
  m_CullingMode: 1
  m_UpdateMode: 0
  m_ApplyRootMotion: 0
  m_LinearVelocityBlending: 0
  m_WarningMessage: 
  m_HasTransformHierarchy: 1
  m_AllowConstantClipSamplingOptimization: 1
--- !u!114 &114101899407327498
MonoBehaviour:
  m_ObjectHideFlags: 1
  m_PrefabParentObject: {fileID: 0}
  m_PrefabInternal: {fileID: 100100000}
  m_GameObject: {fileID: 1319622608888132}
  m_Enabled: 1
  m_EditorHideFlags: 0
  m_Script: {fileID: 11500000, guid: 45557dfd08f3449be84d4a50b1f491da, type: 3}
  m_Name: 
  m_EditorClassIdentifier: 
  maxHP: 30
  isDying: 0
  loot: {fileID: 1949258119755226, guid: fb7797ff520154313b80d0884495a849, type: 2}
  realHP: 0
--- !u!114 &114222715132827550
MonoBehaviour:
  m_ObjectHideFlags: 1
  m_PrefabParentObject: {fileID: 0}
  m_PrefabInternal: {fileID: 100100000}
  m_GameObject: {fileID: 1125168642164086}
  m_Enabled: 1
  m_EditorHideFlags: 0
  m_Script: {fileID: 11500000, guid: 2978efda4b2464b60ae3ad4dffe0d07b, type: 3}
  m_Name: 
  m_EditorClassIdentifier: 
--- !u!114 &114504496899633952
MonoBehaviour:
  m_ObjectHideFlags: 1
  m_PrefabParentObject: {fileID: 0}
  m_PrefabInternal: {fileID: 100100000}
  m_GameObject: {fileID: 1319622608888132}
  m_Enabled: 1
  m_EditorHideFlags: 0
  m_Script: {fileID: 11500000, guid: 9166e48b9a3727d488dcc5ec242f82f3, type: 3}
  m_Name: 
  m_EditorClassIdentifier: 
  firstName: Lady Zombie
  strengh: 2
  agility: 2
  constitution: 2
  armor: 1
  HP: 0
  minDamage: 0
  maxDamage: 0
  level: 0
  xp: 120
  money: 0
  points: 0
--- !u!135 &135514324108874108
SphereCollider:
  m_ObjectHideFlags: 1
  m_PrefabParentObject: {fileID: 0}
  m_PrefabInternal: {fileID: 100100000}
  m_GameObject: {fileID: 1125168642164086}
  m_Material: {fileID: 0}
  m_IsTrigger: 1
  m_Enabled: 1
  serializedVersion: 2
  m_Radius: 10
  m_Center: {x: 0, y: 0, z: 1}
--- !u!136 &136533070352880286
CapsuleCollider:
  m_ObjectHideFlags: 1
  m_PrefabParentObject: {fileID: 0}
  m_PrefabInternal: {fileID: 100100000}
  m_GameObject: {fileID: 1319622608888132}
  m_Material: {fileID: 0}
  m_IsTrigger: 0
  m_Enabled: 1
  m_Radius: 0.5
  m_Height: 2
  m_Direction: 1
  m_Center: {x: 0, y: 1, z: 0}
--- !u!137 &137906768741555912
SkinnedMeshRenderer:
  m_ObjectHideFlags: 1
  m_PrefabParentObject: {fileID: 0}
  m_PrefabInternal: {fileID: 100100000}
  m_GameObject: {fileID: 1305340584721586}
  m_Enabled: 1
  m_CastShadows: 1
  m_ReceiveShadows: 1
  m_DynamicOccludee: 1
  m_MotionVectors: 1
  m_LightProbeUsage: 1
  m_ReflectionProbeUsage: 1
  m_Materials:
  - {fileID: 2100000, guid: 2c733da6d6b27fe4f9356b566a43df7d, type: 2}
  m_StaticBatchInfo:
    firstSubMesh: 0
    subMeshCount: 0
  m_StaticBatchRoot: {fileID: 0}
  m_ProbeAnchor: {fileID: 0}
  m_LightProbeVolumeOverride: {fileID: 0}
  m_ScaleInLightmap: 1
  m_PreserveUVs: 0
  m_IgnoreNormalsForChartDetection: 0
  m_ImportantGI: 0
  m_StitchLightmapSeams: 0
  m_SelectedEditorRenderState: 3
  m_MinimumChartSize: 4
  m_AutoUVMaxDistance: 0.5
  m_AutoUVMaxAngle: 89
  m_LightmapParameters: {fileID: 0}
  m_SortingLayerID: 0
  m_SortingLayer: 0
  m_SortingOrder: 0
  serializedVersion: 2
  m_Quality: 0
  m_UpdateWhenOffscreen: 0
  m_SkinnedMotionVectors: 1
  m_Mesh: {fileID: 4300000, guid: c78068908f8aadb45a12635af21fcb1d, type: 3}
  m_Bones:
  - {fileID: 4564803424913754}
  - {fileID: 4215680346315490}
  - {fileID: 4960350103382036}
  - {fileID: 4557847618754754}
  - {fileID: 4232566694551178}
  - {fileID: 4265014867050456}
  - {fileID: 4277635451167610}
  - {fileID: 4922605289312930}
  - {fileID: 4464849028200230}
  - {fileID: 4717370437763158}
  - {fileID: 4731219272933160}
  - {fileID: 4537265236138384}
  - {fileID: 4969154814290712}
  - {fileID: 4693086484977804}
  - {fileID: 4714127590826326}
  - {fileID: 4593643753731574}
  - {fileID: 4653190632313086}
  - {fileID: 4057536281501448}
  - {fileID: 4823491454265994}
  - {fileID: 4001140212823294}
  - {fileID: 4606651150790106}
  - {fileID: 4501311554445868}
  - {fileID: 4606516964867444}
  - {fileID: 4828104747026264}
  - {fileID: 4873063580141250}
  - {fileID: 4091029689559876}
  - {fileID: 4163276827935760}
  - {fileID: 4825719093894136}
  - {fileID: 4101811281546564}
  - {fileID: 4585306089232098}
  - {fileID: 4500162461635904}
  - {fileID: 4280362731568468}
  - {fileID: 4997192129770748}
  - {fileID: 4619956295981244}
  - {fileID: 4475247124225464}
  - {fileID: 4253825210204980}
  - {fileID: 4321941193932314}
  - {fileID: 4072306525845432}
  - {fileID: 4902940739813802}
  - {fileID: 4379380743997942}
  - {fileID: 4185337732334018}
  - {fileID: 4700895387852082}
  - {fileID: 4503758553954764}
  - {fileID: 4184271035322750}
  - {fileID: 4904075269921358}
  - {fileID: 4165878895185886}
  - {fileID: 4805085895542972}
  - {fileID: 4989754334459832}
  - {fileID: 4619662423333068}
  - {fileID: 4969752901434274}
  - {fileID: 4651135496050450}
  - {fileID: 4699177101405242}
  - {fileID: 4112763158306776}
  - {fileID: 4791811511290946}
  - {fileID: 4412597082280988}
  - {fileID: 4903805611972884}
  - {fileID: 4850134125750964}
  - {fileID: 4739532767916356}
  - {fileID: 4502332474729056}
  - {fileID: 4835147877698274}
  - {fileID: 4576904210855486}
  - {fileID: 4135367312585578}
  - {fileID: 4056520409953312}
  - {fileID: 4303381423990260}
  - {fileID: 4190179557643546}
  - {fileID: 4243496845304450}
  - {fileID: 4607587894833794}
  - {fileID: 4786224907578358}
  - {fileID: 4279437565874470}
  - {fileID: 4666476168485286}
  - {fileID: 4523979733722856}
  - {fileID: 4065693848442580}
  - {fileID: 4185800106662080}
  - {fileID: 4811193057945876}
  - {fileID: 4555781401256452}
  - {fileID: 4057078766525076}
  - {fileID: 4829333841477130}
  - {fileID: 4660592439899796}
  - {fileID: 4176663718629052}
  - {fileID: 4165531230035506}
  - {fileID: 4325196760690432}
  - {fileID: 4139224209383922}
  m_BlendShapeWeights: []
  m_RootBone: {fileID: 4564803424913754}
  m_AABB:
    m_Center: {x: -0.00000023841858, y: 0.06118755, z: 0.87889767}
    m_Extent: {x: 0.45612925, y: 0.21359022, z: 0.9626254}
  m_DirtyAABB: 0
--- !u!195 &195794981738804434
NavMeshAgent:
  m_ObjectHideFlags: 1
  m_PrefabParentObject: {fileID: 0}
  m_PrefabInternal: {fileID: 100100000}
  m_GameObject: {fileID: 1319622608888132}
  m_Enabled: 1
  m_AgentTypeID: 0
  m_Radius: 0.5
  m_Speed: 4.5
  m_Acceleration: 5000
  avoidancePriority: 50
  m_AngularSpeed: 5000
  m_StoppingDistance: 0
  m_AutoTraverseOffMeshLink: 1
  m_AutoBraking: 1
  m_AutoRepath: 1
  m_Height: 2
  m_BaseOffset: 0
  m_WalkableMask: 4294967295
  m_ObstacleAvoidanceType: 4
