%YAML 1.1
%TAG !u! tag:unity3d.com,2011:
--- !u!29 &1
OcclusionCullingSettings:
  m_ObjectHideFlags: 0
  serializedVersion: 2
  m_OcclusionBakeSettings:
    smallestOccluder: 5
    smallestHole: 0.25
    backfaceThreshold: 100
  m_SceneGUID: 00000000000000000000000000000000
  m_OcclusionCullingData: {fileID: 0}
--- !u!104 &2
RenderSettings:
  m_ObjectHideFlags: 0
  serializedVersion: 8
  m_Fog: 0
  m_FogColor: {r: 0.5, g: 0.5, b: 0.5, a: 1}
  m_FogMode: 3
  m_FogDensity: 0.01
  m_LinearFogStart: 0
  m_LinearFogEnd: 300
  m_AmbientSkyColor: {r: 0.212, g: 0.227, b: 0.259, a: 1}
  m_AmbientEquatorColor: {r: 0.114, g: 0.125, b: 0.133, a: 1}
  m_AmbientGroundColor: {r: 0.047, g: 0.043, b: 0.035, a: 1}
  m_AmbientIntensity: 1
  m_AmbientMode: 3
  m_SubtractiveShadowColor: {r: 0.42, g: 0.478, b: 0.627, a: 1}
  m_SkyboxMaterial: {fileID: 0}
  m_HaloStrength: 0.5
  m_FlareStrength: 1
  m_FlareFadeSpeed: 3
  m_HaloTexture: {fileID: 0}
  m_SpotCookie: {fileID: 10001, guid: 0000000000000000e000000000000000, type: 0}
  m_DefaultReflectionMode: 0
  m_DefaultReflectionResolution: 128
  m_ReflectionBounces: 1
  m_ReflectionIntensity: 1
  m_CustomReflection: {fileID: 0}
  m_Sun: {fileID: 0}
  m_IndirectSpecularColor: {r: 0, g: 0, b: 0, a: 1}
--- !u!157 &3
LightmapSettings:
  m_ObjectHideFlags: 0
  serializedVersion: 11
  m_GIWorkflowMode: 1
  m_GISettings:
    serializedVersion: 2
    m_BounceScale: 1
    m_IndirectOutputScale: 1
    m_AlbedoBoost: 1
    m_TemporalCoherenceThreshold: 1
    m_EnvironmentLightingMode: 0
    m_EnableBakedLightmaps: 0
    m_EnableRealtimeLightmaps: 0
  m_LightmapEditorSettings:
    serializedVersion: 9
    m_Resolution: 2
    m_BakeResolution: 40
    m_TextureWidth: 1024
    m_TextureHeight: 1024
    m_AO: 0
    m_AOMaxDistance: 1
    m_CompAOExponent: 1
    m_CompAOExponentDirect: 0
    m_Padding: 2
    m_LightmapParameters: {fileID: 0}
    m_LightmapsBakeMode: 1
    m_TextureCompression: 1
    m_FinalGather: 0
    m_FinalGatherFiltering: 1
    m_FinalGatherRayCount: 256
    m_ReflectionCompression: 2
    m_MixedBakeMode: 2
    m_BakeBackend: 0
    m_PVRSampling: 1
    m_PVRDirectSampleCount: 32
    m_PVRSampleCount: 500
    m_PVRBounces: 2
    m_PVRFilterTypeDirect: 0
    m_PVRFilterTypeIndirect: 0
    m_PVRFilterTypeAO: 0
    m_PVRFilteringMode: 1
    m_PVRCulling: 1
    m_PVRFilteringGaussRadiusDirect: 1
    m_PVRFilteringGaussRadiusIndirect: 5
    m_PVRFilteringGaussRadiusAO: 2
    m_PVRFilteringAtrousPositionSigmaDirect: 0.5
    m_PVRFilteringAtrousPositionSigmaIndirect: 2
    m_PVRFilteringAtrousPositionSigmaAO: 1
    m_ShowResolutionOverlay: 1
  m_LightingDataAsset: {fileID: 0}
  m_UseShadowmask: 1
--- !u!196 &4
NavMeshSettings:
  serializedVersion: 2
  m_ObjectHideFlags: 0
  m_BuildSettings:
    serializedVersion: 2
    agentTypeID: 0
    agentRadius: 0.5
    agentHeight: 2
    agentSlope: 45
    agentClimb: 0.4
    ledgeDropHeight: 0
    maxJumpAcrossDistance: 0
    minRegionArea: 2
    manualCellSize: 0
    cellSize: 0.16666667
    manualTileSize: 0
    tileSize: 256
    accuratePlacement: 0
    debug:
      m_Flags: 0
  m_NavMeshData: {fileID: 0}
--- !u!114 &88210250 stripped
MonoBehaviour:
  m_PrefabParentObject: {fileID: 114086280393834382, guid: b0db4496e3a754486a51667a664ec7a4,
    type: 2}
  m_PrefabInternal: {fileID: 1905006568}
  m_Script: {fileID: 11500000, guid: 88a010675f29045e28b06112f67d2a38, type: 3}
--- !u!1001 &245698786
Prefab:
  m_ObjectHideFlags: 0
  serializedVersion: 2
  m_Modification:
    m_TransformParent: {fileID: 0}
    m_Modifications:
    - target: {fileID: 497190, guid: 3fae31b33f1df4622a628af1e6d4d0a1, type: 2}
      propertyPath: m_LocalPosition.x
      value: 0.099999994
      objectReference: {fileID: 0}
    - target: {fileID: 497190, guid: 3fae31b33f1df4622a628af1e6d4d0a1, type: 2}
      propertyPath: m_LocalPosition.y
      value: -1.1600001
      objectReference: {fileID: 0}
    - target: {fileID: 497190, guid: 3fae31b33f1df4622a628af1e6d4d0a1, type: 2}
      propertyPath: m_LocalPosition.z
      value: 0
      objectReference: {fileID: 0}
    - target: {fileID: 497190, guid: 3fae31b33f1df4622a628af1e6d4d0a1, type: 2}
      propertyPath: m_LocalRotation.x
      value: -0
      objectReference: {fileID: 0}
    - target: {fileID: 497190, guid: 3fae31b33f1df4622a628af1e6d4d0a1, type: 2}
      propertyPath: m_LocalRotation.y
      value: -0
      objectReference: {fileID: 0}
    - target: {fileID: 497190, guid: 3fae31b33f1df4622a628af1e6d4d0a1, type: 2}
      propertyPath: m_LocalRotation.z
      value: -0
      objectReference: {fileID: 0}
    - target: {fileID: 497190, guid: 3fae31b33f1df4622a628af1e6d4d0a1, type: 2}
      propertyPath: m_LocalRotation.w
      value: 1
      objectReference: {fileID: 0}
    - target: {fileID: 497190, guid: 3fae31b33f1df4622a628af1e6d4d0a1, type: 2}
      propertyPath: m_RootOrder
      value: 0
      objectReference: {fileID: 0}
    - target: {fileID: 497190, guid: 3fae31b33f1df4622a628af1e6d4d0a1, type: 2}
      propertyPath: m_LocalScale.x
      value: 1
      objectReference: {fileID: 0}
    - target: {fileID: 497190, guid: 3fae31b33f1df4622a628af1e6d4d0a1, type: 2}
      propertyPath: m_LocalScale.y
      value: 1
      objectReference: {fileID: 0}
    - target: {fileID: 105558, guid: 3fae31b33f1df4622a628af1e6d4d0a1, type: 2}
      propertyPath: m_IsActive
      value: 1
      objectReference: {fileID: 0}
    - target: {fileID: 154062, guid: 3fae31b33f1df4622a628af1e6d4d0a1, type: 2}
      propertyPath: m_IsActive
      value: 1
      objectReference: {fileID: 0}
    - target: {fileID: 145328, guid: 3fae31b33f1df4622a628af1e6d4d0a1, type: 2}
      propertyPath: m_IsActive
      value: 1
      objectReference: {fileID: 0}
    - target: {fileID: 113160, guid: 3fae31b33f1df4622a628af1e6d4d0a1, type: 2}
      propertyPath: m_IsActive
      value: 1
      objectReference: {fileID: 0}
    - target: {fileID: 100808, guid: 3fae31b33f1df4622a628af1e6d4d0a1, type: 2}
      propertyPath: m_IsActive
      value: 1
      objectReference: {fileID: 0}
    - target: {fileID: 138186, guid: 3fae31b33f1df4622a628af1e6d4d0a1, type: 2}
      propertyPath: m_IsActive
      value: 1
      objectReference: {fileID: 0}
    - target: {fileID: 105102, guid: 3fae31b33f1df4622a628af1e6d4d0a1, type: 2}
      propertyPath: m_IsActive
      value: 1
      objectReference: {fileID: 0}
    - target: {fileID: 106464, guid: 3fae31b33f1df4622a628af1e6d4d0a1, type: 2}
      propertyPath: m_IsActive
      value: 1
      objectReference: {fileID: 0}
    - target: {fileID: 179954, guid: 3fae31b33f1df4622a628af1e6d4d0a1, type: 2}
      propertyPath: m_IsActive
      value: 1
      objectReference: {fileID: 0}
    - target: {fileID: 192050, guid: 3fae31b33f1df4622a628af1e6d4d0a1, type: 2}
      propertyPath: m_IsActive
      value: 1
      objectReference: {fileID: 0}
    - target: {fileID: 129684, guid: 3fae31b33f1df4622a628af1e6d4d0a1, type: 2}
      propertyPath: m_IsActive
      value: 1
      objectReference: {fileID: 0}
    - target: {fileID: 157112, guid: 3fae31b33f1df4622a628af1e6d4d0a1, type: 2}
      propertyPath: m_IsActive
      value: 1
      objectReference: {fileID: 0}
    - target: {fileID: 125886, guid: 3fae31b33f1df4622a628af1e6d4d0a1, type: 2}
      propertyPath: m_IsActive
      value: 1
      objectReference: {fileID: 0}
    - target: {fileID: 172046, guid: 3fae31b33f1df4622a628af1e6d4d0a1, type: 2}
      propertyPath: m_IsActive
      value: 1
      objectReference: {fileID: 0}
    - target: {fileID: 199198, guid: 3fae31b33f1df4622a628af1e6d4d0a1, type: 2}
      propertyPath: m_IsActive
      value: 1
      objectReference: {fileID: 0}
    - target: {fileID: 118688, guid: 3fae31b33f1df4622a628af1e6d4d0a1, type: 2}
      propertyPath: m_IsActive
      value: 1
      objectReference: {fileID: 0}
    - target: {fileID: 164828, guid: 3fae31b33f1df4622a628af1e6d4d0a1, type: 2}
      propertyPath: m_IsActive
      value: 1
      objectReference: {fileID: 0}
    - target: {fileID: 129368, guid: 3fae31b33f1df4622a628af1e6d4d0a1, type: 2}
      propertyPath: m_IsActive
      value: 1
      objectReference: {fileID: 0}
    - target: {fileID: 191552, guid: 3fae31b33f1df4622a628af1e6d4d0a1, type: 2}
      propertyPath: m_IsActive
      value: 1
      objectReference: {fileID: 0}
    - target: {fileID: 198084, guid: 3fae31b33f1df4622a628af1e6d4d0a1, type: 2}
      propertyPath: m_IsActive
      value: 1
      objectReference: {fileID: 0}
    - target: {fileID: 170676, guid: 3fae31b33f1df4622a628af1e6d4d0a1, type: 2}
      propertyPath: m_IsActive
      value: 1
      objectReference: {fileID: 0}
    - target: {fileID: 141400, guid: 3fae31b33f1df4622a628af1e6d4d0a1, type: 2}
      propertyPath: m_IsActive
      value: 1
      objectReference: {fileID: 0}
    - target: {fileID: 118418, guid: 3fae31b33f1df4622a628af1e6d4d0a1, type: 2}
      propertyPath: m_IsActive
      value: 1
      objectReference: {fileID: 0}
    - target: {fileID: 126552, guid: 3fae31b33f1df4622a628af1e6d4d0a1, type: 2}
      propertyPath: m_IsActive
      value: 1
      objectReference: {fileID: 0}
    - target: {fileID: 434168, guid: 3fae31b33f1df4622a628af1e6d4d0a1, type: 2}
      propertyPath: m_LocalScale.x
      value: 1.1
      objectReference: {fileID: 0}
    - target: {fileID: 151822, guid: 3fae31b33f1df4622a628af1e6d4d0a1, type: 2}
      propertyPath: m_IsActive
      value: 1
      objectReference: {fileID: 0}
    m_RemovedComponents: []
  m_ParentPrefab: {fileID: 100100000, guid: 3fae31b33f1df4622a628af1e6d4d0a1, type: 2}
  m_IsPrefabParent: 0
--- !u!114 &264179281 stripped
MonoBehaviour:
  m_PrefabParentObject: {fileID: 114086280393834382, guid: b0db4496e3a754486a51667a664ec7a4,
    type: 2}
  m_PrefabInternal: {fileID: 921768112}
  m_Script: {fileID: 11500000, guid: 88a010675f29045e28b06112f67d2a38, type: 3}
--- !u!114 &321349867 stripped
MonoBehaviour:
  m_PrefabParentObject: {fileID: 114086280393834382, guid: b0db4496e3a754486a51667a664ec7a4,
    type: 2}
  m_PrefabInternal: {fileID: 998971416}
  m_Script: {fileID: 11500000, guid: 88a010675f29045e28b06112f67d2a38, type: 3}
--- !u!114 &505248045 stripped
MonoBehaviour:
  m_PrefabParentObject: {fileID: 114086280393834382, guid: b0db4496e3a754486a51667a664ec7a4,
    type: 2}
  m_PrefabInternal: {fileID: 1676612888}
  m_Script: {fileID: 11500000, guid: 88a010675f29045e28b06112f67d2a38, type: 3}
--- !u!1001 &594359325
Prefab:
  m_ObjectHideFlags: 0
  serializedVersion: 2
  m_Modification:
    m_TransformParent: {fileID: 0}
    m_Modifications:
    - target: {fileID: 4145050821020238, guid: b0db4496e3a754486a51667a664ec7a4, type: 2}
      propertyPath: m_LocalPosition.x
      value: 1.4785404
      objectReference: {fileID: 0}
    - target: {fileID: 4145050821020238, guid: b0db4496e3a754486a51667a664ec7a4, type: 2}
      propertyPath: m_LocalPosition.y
      value: 1.1134101
      objectReference: {fileID: 0}
    - target: {fileID: 4145050821020238, guid: b0db4496e3a754486a51667a664ec7a4, type: 2}
      propertyPath: m_LocalPosition.z
      value: 0
      objectReference: {fileID: 0}
    - target: {fileID: 4145050821020238, guid: b0db4496e3a754486a51667a664ec7a4, type: 2}
      propertyPath: m_LocalRotation.x
      value: -0
      objectReference: {fileID: 0}
    - target: {fileID: 4145050821020238, guid: b0db4496e3a754486a51667a664ec7a4, type: 2}
      propertyPath: m_LocalRotation.y
      value: -0
      objectReference: {fileID: 0}
    - target: {fileID: 4145050821020238, guid: b0db4496e3a754486a51667a664ec7a4, type: 2}
      propertyPath: m_LocalRotation.z
      value: -0
      objectReference: {fileID: 0}
    - target: {fileID: 4145050821020238, guid: b0db4496e3a754486a51667a664ec7a4, type: 2}
      propertyPath: m_LocalRotation.w
      value: 1
      objectReference: {fileID: 0}
    - target: {fileID: 4145050821020238, guid: b0db4496e3a754486a51667a664ec7a4, type: 2}
      propertyPath: m_RootOrder
      value: 3
      objectReference: {fileID: 0}
    - target: {fileID: 1784973743603038, guid: b0db4496e3a754486a51667a664ec7a4, type: 2}
      propertyPath: m_Name
      value: Footman (4)
      objectReference: {fileID: 0}
    m_RemovedComponents: []
  m_ParentPrefab: {fileID: 100100000, guid: b0db4496e3a754486a51667a664ec7a4, type: 2}
  m_IsPrefabParent: 0
--- !u!1 &804006920
GameObject:
  m_ObjectHideFlags: 0
  m_PrefabParentObject: {fileID: 0}
  m_PrefabInternal: {fileID: 0}
  serializedVersion: 5
  m_Component:
  - component: {fileID: 804006925}
  - component: {fileID: 804006924}
  - component: {fileID: 804006923}
  - component: {fileID: 804006922}
  - component: {fileID: 804006921}
  m_Layer: 0
  m_Name: SoundManager
  m_TagString: Untagged
  m_Icon: {fileID: 0}
  m_NavMeshLayer: 0
  m_StaticEditorFlags: 0
  m_IsActive: 1
--- !u!114 &804006921
MonoBehaviour:
  m_ObjectHideFlags: 0
  m_PrefabParentObject: {fileID: 0}
  m_PrefabInternal: {fileID: 0}
  m_GameObject: {fileID: 804006920}
  m_Enabled: 1
  m_EditorHideFlags: 0
  m_Script: {fileID: 11500000, guid: 39f087fb710364facb24e693f2dec49d, type: 3}
  m_Name: 
  m_EditorClassIdentifier: 
  voiceSoundEffect: {fileID: 804006924}
  fightSoundEffect: {fileID: 804006923}
  destructionSoundEffect: {fileID: 804006922}
--- !u!82 &804006922
AudioSource:
  m_ObjectHideFlags: 0
  m_PrefabParentObject: {fileID: 0}
  m_PrefabInternal: {fileID: 0}
  m_GameObject: {fileID: 804006920}
  m_Enabled: 1
  serializedVersion: 4
  OutputAudioMixerGroup: {fileID: 0}
  m_audioClip: {fileID: 0}
  m_PlayOnAwake: 1
  m_Volume: 1
  m_Pitch: 1
  Loop: 0
  Mute: 0
  Spatialize: 0
  SpatializePostEffects: 0
  Priority: 128
  DopplerLevel: 1
  MinDistance: 1
  MaxDistance: 500
  Pan2D: 0
  rolloffMode: 0
  BypassEffects: 0
  BypassListenerEffects: 0
  BypassReverbZones: 0
  rolloffCustomCurve:
    serializedVersion: 2
    m_Curve:
    - serializedVersion: 2
      time: 0
      value: 1
      inSlope: 0
      outSlope: 0
      tangentMode: 0
    - serializedVersion: 2
      time: 1
      value: 0
      inSlope: 0
      outSlope: 0
      tangentMode: 0
    m_PreInfinity: 2
    m_PostInfinity: 2
    m_RotationOrder: 4
  panLevelCustomCurve:
    serializedVersion: 2
    m_Curve:
    - serializedVersion: 2
      time: 0
      value: 0
      inSlope: 0
      outSlope: 0
      tangentMode: 0
    m_PreInfinity: 2
    m_PostInfinity: 2
    m_RotationOrder: 0
  spreadCustomCurve:
    serializedVersion: 2
    m_Curve:
    - serializedVersion: 2
      time: 0
      value: 0
      inSlope: 0
      outSlope: 0
      tangentMode: 0
    m_PreInfinity: 2
    m_PostInfinity: 2
    m_RotationOrder: 4
  reverbZoneMixCustomCurve:
    serializedVersion: 2
    m_Curve:
    - serializedVersion: 2
      time: 0
      value: 1
      inSlope: 0
      outSlope: 0
      tangentMode: 0
    m_PreInfinity: 2
    m_PostInfinity: 2
    m_RotationOrder: 0
--- !u!82 &804006923
AudioSource:
  m_ObjectHideFlags: 0
  m_PrefabParentObject: {fileID: 0}
  m_PrefabInternal: {fileID: 0}
  m_GameObject: {fileID: 804006920}
  m_Enabled: 1
  serializedVersion: 4
  OutputAudioMixerGroup: {fileID: 0}
  m_audioClip: {fileID: 0}
  m_PlayOnAwake: 1
  m_Volume: 1
  m_Pitch: 1
  Loop: 0
  Mute: 0
  Spatialize: 0
  SpatializePostEffects: 0
  Priority: 128
  DopplerLevel: 1
  MinDistance: 1
  MaxDistance: 500
  Pan2D: 0
  rolloffMode: 0
  BypassEffects: 0
  BypassListenerEffects: 0
  BypassReverbZones: 0
  rolloffCustomCurve:
    serializedVersion: 2
    m_Curve:
    - serializedVersion: 2
      time: 0
      value: 1
      inSlope: 0
      outSlope: 0
      tangentMode: 0
    - serializedVersion: 2
      time: 1
      value: 0
      inSlope: 0
      outSlope: 0
      tangentMode: 0
    m_PreInfinity: 2
    m_PostInfinity: 2
    m_RotationOrder: 4
  panLevelCustomCurve:
    serializedVersion: 2
    m_Curve:
    - serializedVersion: 2
      time: 0
      value: 0
      inSlope: 0
      outSlope: 0
      tangentMode: 0
    m_PreInfinity: 2
    m_PostInfinity: 2
    m_RotationOrder: 0
  spreadCustomCurve:
    serializedVersion: 2
    m_Curve:
    - serializedVersion: 2
      time: 0
      value: 0
      inSlope: 0
      outSlope: 0
      tangentMode: 0
    m_PreInfinity: 2
    m_PostInfinity: 2
    m_RotationOrder: 4
  reverbZoneMixCustomCurve:
    serializedVersion: 2
    m_Curve:
    - serializedVersion: 2
      time: 0
      value: 1
      inSlope: 0
      outSlope: 0
      tangentMode: 0
    m_PreInfinity: 2
    m_PostInfinity: 2
    m_RotationOrder: 0
--- !u!82 &804006924
AudioSource:
  m_ObjectHideFlags: 0
  m_PrefabParentObject: {fileID: 0}
  m_PrefabInternal: {fileID: 0}
  m_GameObject: {fileID: 804006920}
  m_Enabled: 1
  serializedVersion: 4
  OutputAudioMixerGroup: {fileID: 0}
  m_audioClip: {fileID: 0}
  m_PlayOnAwake: 1
  m_Volume: 1
  m_Pitch: 1
  Loop: 0
  Mute: 0
  Spatialize: 0
  SpatializePostEffects: 0
  Priority: 128
  DopplerLevel: 1
  MinDistance: 1
  MaxDistance: 500
  Pan2D: 0
  rolloffMode: 0
  BypassEffects: 0
  BypassListenerEffects: 0
  BypassReverbZones: 0
  rolloffCustomCurve:
    serializedVersion: 2
    m_Curve:
    - serializedVersion: 2
      time: 0
      value: 1
      inSlope: 0
      outSlope: 0
      tangentMode: 0
    - serializedVersion: 2
      time: 1
      value: 0
      inSlope: 0
      outSlope: 0
      tangentMode: 0
    m_PreInfinity: 2
    m_PostInfinity: 2
    m_RotationOrder: 4
  panLevelCustomCurve:
    serializedVersion: 2
    m_Curve:
    - serializedVersion: 2
      time: 0
      value: 0
      inSlope: 0
      outSlope: 0
      tangentMode: 0
    m_PreInfinity: 2
    m_PostInfinity: 2
    m_RotationOrder: 0
  spreadCustomCurve:
    serializedVersion: 2
    m_Curve:
    - serializedVersion: 2
      time: 0
      value: 0
      inSlope: 0
      outSlope: 0
      tangentMode: 0
    m_PreInfinity: 2
    m_PostInfinity: 2
    m_RotationOrder: 4
  reverbZoneMixCustomCurve:
    serializedVersion: 2
    m_Curve:
    - serializedVersion: 2
      time: 0
      value: 1
      inSlope: 0
      outSlope: 0
      tangentMode: 0
    m_PreInfinity: 2
    m_PostInfinity: 2
    m_RotationOrder: 0
--- !u!4 &804006925
Transform:
  m_ObjectHideFlags: 0
  m_PrefabParentObject: {fileID: 0}
  m_PrefabInternal: {fileID: 0}
  m_GameObject: {fileID: 804006920}
  m_LocalRotation: {x: 0, y: 0, z: 0, w: 1}
  m_LocalPosition: {x: -0.53961664, y: 0.115229234, z: -0.03534544}
  m_LocalScale: {x: 1, y: 1, z: 1}
  m_Children: []
  m_Father: {fileID: 0}
  m_RootOrder: 9
  m_LocalEulerAnglesHint: {x: 0, y: 0, z: 0}
--- !u!1001 &921768112
Prefab:
  m_ObjectHideFlags: 0
  serializedVersion: 2
  m_Modification:
    m_TransformParent: {fileID: 0}
    m_Modifications:
    - target: {fileID: 4145050821020238, guid: b0db4496e3a754486a51667a664ec7a4, type: 2}
      propertyPath: m_LocalPosition.x
      value: -3.6534176
      objectReference: {fileID: 0}
    - target: {fileID: 4145050821020238, guid: b0db4496e3a754486a51667a664ec7a4, type: 2}
      propertyPath: m_LocalPosition.y
      value: 1.6439047
      objectReference: {fileID: 0}
    - target: {fileID: 4145050821020238, guid: b0db4496e3a754486a51667a664ec7a4, type: 2}
      propertyPath: m_LocalPosition.z
      value: 0
      objectReference: {fileID: 0}
    - target: {fileID: 4145050821020238, guid: b0db4496e3a754486a51667a664ec7a4, type: 2}
      propertyPath: m_LocalRotation.x
      value: -0
      objectReference: {fileID: 0}
    - target: {fileID: 4145050821020238, guid: b0db4496e3a754486a51667a664ec7a4, type: 2}
      propertyPath: m_LocalRotation.y
      value: -0
      objectReference: {fileID: 0}
    - target: {fileID: 4145050821020238, guid: b0db4496e3a754486a51667a664ec7a4, type: 2}
      propertyPath: m_LocalRotation.z
      value: -0
      objectReference: {fileID: 0}
    - target: {fileID: 4145050821020238, guid: b0db4496e3a754486a51667a664ec7a4, type: 2}
      propertyPath: m_LocalRotation.w
      value: 1
      objectReference: {fileID: 0}
    - target: {fileID: 4145050821020238, guid: b0db4496e3a754486a51667a664ec7a4, type: 2}
      propertyPath: m_RootOrder
      value: 4
      objectReference: {fileID: 0}
    - target: {fileID: 1784973743603038, guid: b0db4496e3a754486a51667a664ec7a4, type: 2}
      propertyPath: m_Name
      value: Footman (3)
      objectReference: {fileID: 0}
    m_RemovedComponents: []
  m_ParentPrefab: {fileID: 100100000, guid: b0db4496e3a754486a51667a664ec7a4, type: 2}
  m_IsPrefabParent: 0
--- !u!1001 &998971416
Prefab:
  m_ObjectHideFlags: 0
  serializedVersion: 2
  m_Modification:
    m_TransformParent: {fileID: 0}
    m_Modifications:
    - target: {fileID: 4145050821020238, guid: b0db4496e3a754486a51667a664ec7a4, type: 2}
      propertyPath: m_LocalPosition.x
      value: -2.3848429
      objectReference: {fileID: 0}
    - target: {fileID: 4145050821020238, guid: b0db4496e3a754486a51667a664ec7a4, type: 2}
      propertyPath: m_LocalPosition.y
      value: 0.7789681
      objectReference: {fileID: 0}
    - target: {fileID: 4145050821020238, guid: b0db4496e3a754486a51667a664ec7a4, type: 2}
      propertyPath: m_LocalPosition.z
      value: 0
      objectReference: {fileID: 0}
    - target: {fileID: 4145050821020238, guid: b0db4496e3a754486a51667a664ec7a4, type: 2}
      propertyPath: m_LocalRotation.x
      value: 0
      objectReference: {fileID: 0}
    - target: {fileID: 4145050821020238, guid: b0db4496e3a754486a51667a664ec7a4, type: 2}
      propertyPath: m_LocalRotation.y
      value: 0
      objectReference: {fileID: 0}
    - target: {fileID: 4145050821020238, guid: b0db4496e3a754486a51667a664ec7a4, type: 2}
      propertyPath: m_LocalRotation.z
      value: 0
      objectReference: {fileID: 0}
    - target: {fileID: 4145050821020238, guid: b0db4496e3a754486a51667a664ec7a4, type: 2}
      propertyPath: m_LocalRotation.w
      value: 1
      objectReference: {fileID: 0}
    - target: {fileID: 4145050821020238, guid: b0db4496e3a754486a51667a664ec7a4, type: 2}
      propertyPath: m_RootOrder
      value: 1
      objectReference: {fileID: 0}
    m_RemovedComponents: []
  m_ParentPrefab: {fileID: 100100000, guid: b0db4496e3a754486a51667a664ec7a4, type: 2}
  m_IsPrefabParent: 0
--- !u!1001 &1099591538
Prefab:
  m_ObjectHideFlags: 0
  serializedVersion: 2
  m_Modification:
    m_TransformParent: {fileID: 0}
    m_Modifications:
    - target: {fileID: 4145050821020238, guid: b0db4496e3a754486a51667a664ec7a4, type: 2}
      propertyPath: m_LocalPosition.x
      value: -4.3107686
      objectReference: {fileID: 0}
    - target: {fileID: 4145050821020238, guid: b0db4496e3a754486a51667a664ec7a4, type: 2}
      propertyPath: m_LocalPosition.y
      value: -0.17822853
      objectReference: {fileID: 0}
    - target: {fileID: 4145050821020238, guid: b0db4496e3a754486a51667a664ec7a4, type: 2}
      propertyPath: m_LocalPosition.z
      value: 0
      objectReference: {fileID: 0}
    - target: {fileID: 4145050821020238, guid: b0db4496e3a754486a51667a664ec7a4, type: 2}
      propertyPath: m_LocalRotation.x
      value: -0
      objectReference: {fileID: 0}
    - target: {fileID: 4145050821020238, guid: b0db4496e3a754486a51667a664ec7a4, type: 2}
      propertyPath: m_LocalRotation.y
      value: -0
      objectReference: {fileID: 0}
    - target: {fileID: 4145050821020238, guid: b0db4496e3a754486a51667a664ec7a4, type: 2}
      propertyPath: m_LocalRotation.z
      value: -0
      objectReference: {fileID: 0}
    - target: {fileID: 4145050821020238, guid: b0db4496e3a754486a51667a664ec7a4, type: 2}
      propertyPath: m_LocalRotation.w
      value: 1
      objectReference: {fileID: 0}
    - target: {fileID: 4145050821020238, guid: b0db4496e3a754486a51667a664ec7a4, type: 2}
      propertyPath: m_RootOrder
      value: 2
      objectReference: {fileID: 0}
    - target: {fileID: 1784973743603038, guid: b0db4496e3a754486a51667a664ec7a4, type: 2}
      propertyPath: m_Name
      value: Footman (5)
      objectReference: {fileID: 0}
    m_RemovedComponents: []
  m_ParentPrefab: {fileID: 100100000, guid: b0db4496e3a754486a51667a664ec7a4, type: 2}
  m_IsPrefabParent: 0
--- !u!1 &1674058271
GameObject:
  m_ObjectHideFlags: 0
  m_PrefabParentObject: {fileID: 0}
  m_PrefabInternal: {fileID: 0}
  serializedVersion: 5
  m_Component:
  - component: {fileID: 1674058275}
  - component: {fileID: 1674058274}
  - component: {fileID: 1674058273}
  - component: {fileID: 1674058272}
  m_Layer: 0
  m_Name: Main Camera
  m_TagString: MainCamera
  m_Icon: {fileID: 0}
  m_NavMeshLayer: 0
  m_StaticEditorFlags: 0
  m_IsActive: 1
--- !u!81 &1674058272
AudioListener:
  m_ObjectHideFlags: 0
  m_PrefabParentObject: {fileID: 0}
  m_PrefabInternal: {fileID: 0}
  m_GameObject: {fileID: 1674058271}
  m_Enabled: 1
--- !u!124 &1674058273
Behaviour:
  m_ObjectHideFlags: 0
  m_PrefabParentObject: {fileID: 0}
  m_PrefabInternal: {fileID: 0}
  m_GameObject: {fileID: 1674058271}
  m_Enabled: 1
--- !u!20 &1674058274
Camera:
  m_ObjectHideFlags: 0
  m_PrefabParentObject: {fileID: 0}
  m_PrefabInternal: {fileID: 0}
  m_GameObject: {fileID: 1674058271}
  m_Enabled: 1
  serializedVersion: 2
  m_ClearFlags: 1
  m_BackGroundColor: {r: 0, g: 0, b: 0, a: 0}
  m_NormalizedViewPortRect:
    serializedVersion: 2
    x: 0
    y: 0
    width: 1
    height: 1
  near clip plane: 0.3
  far clip plane: 1000
  field of view: 60
  orthographic: 1
  orthographic size: 5.777545
  m_Depth: -1
  m_CullingMask:
    serializedVersion: 2
    m_Bits: 4294967295
  m_RenderingPath: -1
  m_TargetTexture: {fileID: 0}
  m_TargetDisplay: 0
  m_TargetEye: 3
  m_HDR: 1
  m_AllowMSAA: 1
  m_AllowDynamicResolution: 0
  m_ForceIntoRT: 0
  m_OcclusionCulling: 1
  m_StereoConvergence: 10
  m_StereoSeparation: 0.022
--- !u!4 &1674058275
Transform:
  m_ObjectHideFlags: 0
  m_PrefabParentObject: {fileID: 0}
  m_PrefabInternal: {fileID: 0}
  m_GameObject: {fileID: 1674058271}
  m_LocalRotation: {x: 0, y: 0, z: 0, w: 1}
  m_LocalPosition: {x: 0, y: 0, z: -10}
  m_LocalScale: {x: 1, y: 1, z: 1}
  m_Children: []
  m_Father: {fileID: 0}
  m_RootOrder: 7
  m_LocalEulerAnglesHint: {x: 0, y: 0, z: 0}
--- !u!1001 &1676612888
Prefab:
  m_ObjectHideFlags: 0
  serializedVersion: 2
  m_Modification:
    m_TransformParent: {fileID: 0}
    m_Modifications:
    - target: {fileID: 4145050821020238, guid: b0db4496e3a754486a51667a664ec7a4, type: 2}
      propertyPath: m_LocalPosition.x
      value: -1.727491
      objectReference: {fileID: 0}
    - target: {fileID: 4145050821020238, guid: b0db4496e3a754486a51667a664ec7a4, type: 2}
      propertyPath: m_LocalPosition.y
      value: -0.38581342
      objectReference: {fileID: 0}
    - target: {fileID: 4145050821020238, guid: b0db4496e3a754486a51667a664ec7a4, type: 2}
      propertyPath: m_LocalPosition.z
      value: 0
      objectReference: {fileID: 0}
    - target: {fileID: 4145050821020238, guid: b0db4496e3a754486a51667a664ec7a4, type: 2}
      propertyPath: m_LocalRotation.x
      value: -0
      objectReference: {fileID: 0}
    - target: {fileID: 4145050821020238, guid: b0db4496e3a754486a51667a664ec7a4, type: 2}
      propertyPath: m_LocalRotation.y
      value: -0
      objectReference: {fileID: 0}
    - target: {fileID: 4145050821020238, guid: b0db4496e3a754486a51667a664ec7a4, type: 2}
      propertyPath: m_LocalRotation.z
      value: -0
      objectReference: {fileID: 0}
    - target: {fileID: 4145050821020238, guid: b0db4496e3a754486a51667a664ec7a4, type: 2}
      propertyPath: m_LocalRotation.w
      value: 1
      objectReference: {fileID: 0}
    - target: {fileID: 4145050821020238, guid: b0db4496e3a754486a51667a664ec7a4, type: 2}
      propertyPath: m_RootOrder
      value: 5
      objectReference: {fileID: 0}
    - target: {fileID: 1784973743603038, guid: b0db4496e3a754486a51667a664ec7a4, type: 2}
      propertyPath: m_Name
      value: Footman (2)
      objectReference: {fileID: 0}
    m_RemovedComponents: []
  m_ParentPrefab: {fileID: 100100000, guid: b0db4496e3a754486a51667a664ec7a4, type: 2}
  m_IsPrefabParent: 0
--- !u!114 &1720105232 stripped
MonoBehaviour:
  m_PrefabParentObject: {fileID: 114086280393834382, guid: b0db4496e3a754486a51667a664ec7a4,
    type: 2}
  m_PrefabInternal: {fileID: 1099591538}
  m_Script: {fileID: 11500000, guid: 88a010675f29045e28b06112f67d2a38, type: 3}
--- !u!114 &1821875304 stripped
MonoBehaviour:
  m_PrefabParentObject: {fileID: 114086280393834382, guid: b0db4496e3a754486a51667a664ec7a4,
    type: 2}
  m_PrefabInternal: {fileID: 594359325}
  m_Script: {fileID: 11500000, guid: 88a010675f29045e28b06112f67d2a38, type: 3}
--- !u!1 &1896608102
GameObject:
  m_ObjectHideFlags: 0
  m_PrefabParentObject: {fileID: 0}
  m_PrefabInternal: {fileID: 0}
  serializedVersion: 5
  m_Component:
  - component: {fileID: 1896608104}
  - component: {fileID: 1896608103}
  m_Layer: 0
  m_Name: PlayerManager
  m_TagString: Untagged
  m_Icon: {fileID: 0}
  m_NavMeshLayer: 0
  m_StaticEditorFlags: 0
  m_IsActive: 1
--- !u!114 &1896608103
MonoBehaviour:
  m_ObjectHideFlags: 0
  m_PrefabParentObject: {fileID: 0}
  m_PrefabInternal: {fileID: 0}
  m_GameObject: {fileID: 1896608102}
  m_Enabled: 1
  m_EditorHideFlags: 0
  m_Script: {fileID: 11500000, guid: 3b9a3ce77f83948b6a66744f667853ab, type: 3}
  m_Name: 
  m_EditorClassIdentifier: 
  players:
  - {fileID: 321349867}
  - {fileID: 88210250}
  - {fileID: 505248045}
  - {fileID: 264179281}
  - {fileID: 1821875304}
  - {fileID: 1720105232}
--- !u!4 &1896608104
Transform:
  m_ObjectHideFlags: 0
  m_PrefabParentObject: {fileID: 0}
  m_PrefabInternal: {fileID: 0}
  m_GameObject: {fileID: 1896608102}
  m_LocalRotation: {x: -0, y: -0, z: -0, w: 1}
  m_LocalPosition: {x: -3.58679, y: 0.25559765, z: 0}
  m_LocalScale: {x: 1, y: 1, z: 1}
  m_Children: []
  m_Father: {fileID: 0}
  m_RootOrder: 8
  m_LocalEulerAnglesHint: {x: 0, y: 0, z: 0}
--- !u!1001 &1905006568
Prefab:
  m_ObjectHideFlags: 0
  serializedVersion: 2
  m_Modification:
    m_TransformParent: {fileID: 0}
    m_Modifications:
    - target: {fileID: 4145050821020238, guid: b0db4496e3a754486a51667a664ec7a4, type: 2}
      propertyPath: m_LocalPosition.x
      value: -0.6780348
      objectReference: {fileID: 0}
    - target: {fileID: 4145050821020238, guid: b0db4496e3a754486a51667a664ec7a4, type: 2}
      propertyPath: m_LocalPosition.y
      value: 1.3555925
      objectReference: {fileID: 0}
    - target: {fileID: 4145050821020238, guid: b0db4496e3a754486a51667a664ec7a4, type: 2}
      propertyPath: m_LocalPosition.z
      value: 0
      objectReference: {fileID: 0}
    - target: {fileID: 4145050821020238, guid: b0db4496e3a754486a51667a664ec7a4, type: 2}
      propertyPath: m_LocalRotation.x
      value: -0
      objectReference: {fileID: 0}
    - target: {fileID: 4145050821020238, guid: b0db4496e3a754486a51667a664ec7a4, type: 2}
      propertyPath: m_LocalRotation.y
      value: -0
      objectReference: {fileID: 0}
    - target: {fileID: 4145050821020238, guid: b0db4496e3a754486a51667a664ec7a4, type: 2}
      propertyPath: m_LocalRotation.z
      value: -0
      objectReference: {fileID: 0}
    - target: {fileID: 4145050821020238, guid: b0db4496e3a754486a51667a664ec7a4, type: 2}
      propertyPath: m_LocalRotation.w
      value: 1
      objectReference: {fileID: 0}
    - target: {fileID: 4145050821020238, guid: b0db4496e3a754486a51667a664ec7a4, type: 2}
      propertyPath: m_RootOrder
      value: 6
      objectReference: {fileID: 0}
    - target: {fileID: 1784973743603038, guid: b0db4496e3a754486a51667a664ec7a4, type: 2}
      propertyPath: m_Name
      value: Footman (1)
      objectReference: {fileID: 0}
    m_RemovedComponents: []
  m_ParentPrefab: {fileID: 100100000, guid: b0db4496e3a754486a51667a664ec7a4, type: 2}
  m_IsPrefabParent: 0
